2938 4716
239 353 277 416 10

234 531 403 612 plectetur,
439 529 618 611 peculiarius
648 529 840 608 diligebam,“
869 565 906 578 -
939 537 969 591 et
997 525 1028 592 in
1056 532 1114 594 true
1137 497 1269 600 eiusdem

236 633 357 710 tibrim)
377 633 454 696 truce
476 631 584 694 habet:
611 630 683 706 „ilis
705 631 733 691 in
756 634 876 692 nomine
899 631 973 709 Dei,
1006 650 1060 712 pro
1082 642 1168 714 captu
1188 655 1274 698 meae

236 731 414 813 pusillitatis,
449 739 516 794 tuae
538 748 655 811 quoquc
681 731 889 809 correctionis,
917 731 1020 794 Frater
1042 733 1179 812 ioannes,
1200 755 1275 817 gre·

234 833 285 910 tia,
306 835 456 910 exoretis,
488 831 557 892 tibet
584 832 737 893 succincte
765 830 880 912 singule
909 832 1083 895 adnotarea‘
1112 871 1152 883 -
1187 837 1275 916 Atqui

236 951 264 1017 s,
291 933 481 1007 Prudentius,
512 930 650 1011 puerulus
679 949 717 992 ex
746 931 886 1011 Hispania
906 933 1000 1012 putria
1021 934 1051 994 in
1074 933 1196 996 Gatiianr
1218 935 1275 996 de-

237 1033 343 1096 ductus
372 1033 471 1114 ibique
499 1033 659 1104 educatus,
695 1031 861 1111 compiures
894 1049 988 1094 annos
1019 1040 1088 1094 ente
1121 1033 1273 1096 dioecesin

237 1132 437 1196 'tricassinam
466 1131 521 1211 ipsi
545 1131 712 1192 mandatum
741 1131 978 1194 mandandamve
1010 1133 1040 1195 in
1071 1134 1169 1195 Cardti
1192 1134 1274 1196 Calvi

238 1234 305 1296 euin
327 1233 473 1314 vixit-³¹),
500 1231 648 1294 literarum
671 1231 774 1293 studiis
798 1235 887 1294 unice
909 1232 1043 1296 deditus:
1077 1251 1155 1296 anno
1178 1243 1273 1298 autem

235 1331 529 1397 mecumtecum
545 1333 603 1394 iam
617 1333 787 1420 suscepisse
803 1333 968 1396 invenimus
986 1333 1139 1397 dioecesin
1153 1336 1274 1398 Tricas·

235 1434 393 1510 stnenv).
420 1434 502 1507 Quae
521 1451 587 1496 cmn
609 1435 646 1495 ita
666 1434 735 1508 siut,
757 1449 846 1495 nemo
868 1451 928 1496 noo
946 1433 1073 1497 libenter
1092 1436 1276 1499 adsentietur

232 1535 364 1598 Themae
374 1534 507 1610 diceneo,
522 1530 550 1596 in
560 1533 606 1596 tris
616 1535 707 1598 rebus
719 1533 900 1616 Lanignnum
913 1541 1098 1614 sequentem,
1117 1537 1165 1617 qui
1183 1544 1274 1616 putat,

237 1639 359 1699 circiter
380 1653 487 1698 annum
504 1633 687 1697 dcccxcv.
710 1633 870 1715 Erigenam
894 1635 933 1696 ad
949 1635 1050 1697 Gaiios
1070 1637 1189 1698 venisse
1202 1641 1253 1714 ³³).

319 1735 442 1814 Quodsi,
466 1751 541 1816 quae
565 1733 663 1802 edhuc
685 1734 723 1796 de
744 1736 825 1796 Scoti
849 1740 945 1796 aetate
967 1735 1112 1814 disputata
1134 1743 1212 1810 sont,
1242 1738 1273 1800 id

234 1835 313 1916 quod
335 1835 423 1899 facile
446 1834 670 1911 crediderimus,
691 1853 708 1897 a
728 1851 801 1896 vero
830 1851 891 1896 non
921 1833 1091 1915 abhorrent,
1120 1836 1273 1899 Guitieimo

234 1935 499 1999 diatmcsburiense
532 1936 680 1998 accersito
710 1936 819 1997 certius
840 1933 1060 2014 quodammodo
1083 1938 1189 2000 natatis
1210 1941 1275 2000 eius

236 2054 332 2100 annus
355 2037 494 2100 constitui
515 2042 623 2116 potest.
667 2033 695 2096 is
718 2035 820 2116 igitur,
844 2036 1063 2116 antiquissimus
1078 2073 1118 2084 —
1136 2045 1274 2117 quantum

235 2139 400 2219 reperimus
423 2175 461 2186 -
487 2144 607 2217 auctor,
638 2136 687 2216 qui
718 2132 786 2199 dat'a
810 2154 900 2216 opera
923 2137 961 2198 de
982 2137 1130 2219 Erigenee
1152 2138 1276 2203 historie

238 2241 312 2322 cpit,
333 2255 479 2318 quemque
502 2237 687 2318 posteriores
704 2237 912 2299 chronicorum
932 2238 1094 2317 scriptores
1116 2237 1174 2300 hac
1187 2241 1217 2301 in
1231 2257 1276 2317 rc,

223 2339 273 2402 'ut
295 2339 341 2414 tit,
363 2337 401 2399 ad
423 2339 547 2400 verbum
572 2337 636 2399 iere
657 2339 752 2398 secuti
774 2343 859 2412 sunt,
881 2336 997 2400 duobus
1018 2337 1104 2417 tocis,
1138 2357 1215 2420 quos
1236 2359 1276 2403 ex

236 2437 398 2518 „iueditis“
430 2439 494 2500 cius
514 2437 597 2499 tibris
620 2436 748 2498 'thomas
770 2433 878 2500 Gateus
898 2439 1032 2518 integros
1054 2439 1212 2523 exscripsit
1225 2444 1278 2519 3ἱ),

240 2539 314 2603 sotis
335 2543 437 2618 aperie
461 2537 567 2614 docet,
589 2537 768 2618 Erigonem,
793 2536 891 2600 adulta
914 2539 971 2600 iam
994 2545 1110 2620 aetate,
1131 2549 1219 2624 atque
1238 2541 1274 2604 ab

240 2639 321 2710 omni
347 2617 501 2702 doctrinae
525 2655 639 2720 genere
660 2640 853 2716 instructum,
893 2639 921 2700 in
955 2639 1076 2703 Gaitiarn
1105 2644 1276 2723 perrexisse

241 2740 280 2803 ad
301 2739 437 2802 carolum
461 2738 600 2815 Caicum,
630 2738 678 2819 qui
702 2737 740 2800 ob
763 2755 828 2800 cam
849 2740 961 2819 ipsam,
994 2757 1080 2820 quarn
1112 2741 1215 2804 mirum
1243 2744 1275 2805 in

239 2839 361 2904 homine
384 2840 485 2902 inesse
506 2839 629 2914 viderit,
659 2837 807 2902 literarum
839 2841 1011 2918 scientium,
1045 2859 1110 2903 eum
1133 2843 1199 2905 outa
1221 2862 1275 2906 sua

240 2940 456 3022 benignissime
478 2941 639 3020 exceperit.
680 2941 783 3022 Neque
803 2939 955 3022 habemus,
976 2959 1030 3004 cur
1049 2941 1106 3004 hee
1127 2945 1158 3006 in
1178 2961 1222 3019 re,
1243 2945 1274 3008 id

238 3040 318 3124 quod
333 3041 410 3104 inire
430 3043 459 3103 in
474 3041 538 3103 atiis
552 3041 642 3103 rebus
656 3059 711 3103 uso
725 3042 835 3116 veniet,
850 3041 1004 3104 Guiiielmo
1020 3043 1059 3104 sit
1074 3042 1275 3110 diffidendum.

322 3141 394 3205 cum
416 3147 541 3223 utroque
562 3141 631 3205 loco
653 3143 759 3205 iisdem
782 3142 846 3206 tere
869 3143 970 3206 verbis
991 3159 1063 3206 usus
1081 3145 1131 3224 sit,
1152 3143 1276 3208 aiterum

245 3315 420 3326 —n—-u-—ffi
441 3320 459 3326 ,.
491 3321 498 3324 .

277 3412 325 3482 30)
347 3411 382 3464 ct.
403 3413 421 3463 l.
441 3413 459 3464 1.
477 3429 502 3482 p.
522 3411 573 3464 592
594 3412 622 3462 B.

275 3534 322 3599 et)
342 3535 373 3586 lu
394 3551 448 3605 que
466 3532 579 3601 Erigone
600 3548 708 3604 quoquc
730 3531 790 3584 suit.
810 3529 872 3586 vid.
893 3550 951 3604 sup.
972 3539 1029 3586 noi.
1049 3533 1093 3586 27.

276 3655 324 3724 32)
342 3655 377 3706 et.
397 3653 464 3706 ilict.
484 3655 538 3715 titt.
558 3653 591 3704 de
613 3654 637 3704 la
659 3653 757 3706 Frnuee
780 3661 844 3704 tom.
863 3653 900 3716 V,
928 3670 955 3723 p.
980 3651 1032 3705 240
1056 3668 1113 3724 seq.
1134 3681 1168 3693 -
1186 3660 1213 3704 et
1231 3653 1278 3722 qui

342 3740 381 3793 ibi
399 3741 546 3794 trudentur
563 3749 693 3794 auctores.
711 3771 747 3782 ·-

279 3839 326 3930 33)
345 3861 381 3914 ci.
400 3862 517 3914 Historia
535 3862 593 3914 ciue
613 3861 673 3916 tiit.
692 3861 753 3915 Vol.
779 3863 799 3925 i,
829 3877 885 3932 cup.
907 3860 947 3917 13.
976 3859 1052 3913 Vere.
1073 3857 1198 3912 German.
1218 3853 1280 3908 Vct.

344 3950 366 4012 I,
385 3968 411 4021 p.
430 3947 491 4002 354.

277 4068 326 4138 34)
347 4069 381 4122 ct.
402 4068 500 4122 Thom.
518 4067 596 4121 uate.
615 4067 633 4124 i.
657 4067 674 4118 i.
694 4067 790 4125 tectim.
811 4082 837 4136 p.
857 4065 873 4117 5
893 4073 920 4118 et
938 4081 965 4136 p.
987 4063 1013 4118 7.
