2938 4716
1164 377 1203 440 ol

168 557 258 633 fidei,
283 573 360 637 guae
382 563 429 620 est
449 557 479 620 in
501 556 618 620 christo
640 556 727 632 lesu,
760 557 876 636 penitus
897 555 1143 636 'respuimusupa
1166 595 1207 608 -

165 657 207 720 lto
225 657 316 720 haec:
337 656 413 735 „ista
435 658 550 734 (scoti)
575 657 700 736 capitula
721 655 789 718 XlX
818 656 999 736 syllogismis
1026 657 1207 737 ineptissime

168 755 374 820 conclusa'-
399 795 428 807 -
460 758 490 818 io
512 756 618 836 quihus
640 761 837 817 commentum
860 755 970 816 diaboli
992 757 1100 835 potius,
1122 775 1208 837 quam

169 855 292 936 aliquod
313 862 516 937 argumentum
535 854 605 917 fidei
628 854 868 935 deprehenditur,
890 871 906 915 a
929 856 978 934 pio
999 855 1098 918 auditu
1119 855 1209 918 lide-

169 955 241 1018 liunr
262 957 377 1035 penitus
399 955 603 1035 explodimus,
636 962 666 1016 et
699 962 730 1016 ut
756 955 824 1016 talia
856 961 886 1016 et
914 954 1020 1016 similia
1048 960 1212 1017 careantur

168 1071 226 1136 per
248 1056 347 1116 omnia
366 1055 551 1118 duthoritate
565 1055 688 1135 Spiritus
704 1055 804 1117 Sancti
827 1053 1039 1116 interdicimus.
1061 1055 1210 1118 Novarum

170 1155 262 1216 etiam
281 1172 378 1217 rerum
400 1156 643 1232 introductores,
678 1171 718 1216 ne
740 1154 901 1217 districtius
926 1155 1084 1231 feriantur,
1117 1157 1212 1217 casti-

169 1253 292 1336 gandos
307 1271 376 1316 esse
389 1273 546 1317 censemus
558 1255 612 1328 ⁶⁰).
629 1285 665 1306 -·
683 1255 748 1316 lloc
759 1255 936 1318 valentinae
950 1255 1056 1336 synodi
1073 1255 1212 1317 iudicium

172 1355 295 1420 omnino
308 1361 401 1446 rptum
413 1354 515 1417 habuit
529 1355 684 1418 concilium
699 1354 890 1436 lingonense
902 1365 946 1431 (a.
957 1355 1212 1432 DCCCLlll.)-·;

172 1456 205 1517 in
227 1461 333 1535 guono
354 1457 432 1517 enim
455 1471 591 1520 canone:
614 1455 797 1536 „Capitula,'“
821 1456 876 1532 ait,
906 1455 1002 1534 ,Xlll,
1032 1457 1212 1538 syllogismis

173 1554 358 1634 ineptissime
383 1573 418 1617 ac
439 1553 667 1618 mendacissime
690 1574 706 1619 a
733 1555 860 1637 quodem
875 1557 966 1619 Scoto
989 1556 1141 1632 conclusa,
1162 1558 1213 1619 uhi

170 1671 236 1716 non
266 1663 470 1736 argumentum
503 1654 592 1732 lidei,
625 1654 678 1718 sed
709 1657 808 1737 potios
845 1663 1040 1720 commentum
1071 1657 1213 1737 perfidiae

172 1761 266 1836 patet,
292 1755 369 1818 nulla
394 1757 514 1818 omnino
537 1755 743 1837 philosophiae
764 1763 837 1835 orte,
859 1764 891 1818 ut
911 1764 1089 1838 arroganter
1108 1775 1125 1818 a
1146 1759 1214 1838 qui-

175 1853 302 1918 busdam
338 1857 479 1932 iactetur,
514 1862 735 1930 constructum,
767 1856 820 1919 sed
844 1857 924 1919 inani
956 1858 1069 1920 fallacia
1101 1864 1131 1919 et
1157 1859 1215 1918 de-

176 1957 315 2035 ceptione
336 1955 551 2035 imperitissime
575 1955 745 2019 conclusum
768 1975 784 2018 a
807 1957 855 2037 pio
875 1956 1015 2019 Fidelium
1037 1955 1137 2018 auditu
1157 1973 1215 2036 pe-

174 2057 257 2118 nitus
280 2056 547 2136 explodimus02).“
569 2055 698 2119 Tradunt
715 2057 803 2118 etiam
824 2055 976 2118 Nicolaum
991 2056 1011 2131 l,
1033 2062 1213 2136 pontmox,

177 2155 283 2218 horum
318 2157 512 2219 conciliorum
547 2174 681 2219 canones
714 2157 895 2236 apostolicae
926 2155 1008 2217 sedis
1040 2156 1215 2218 auctoritate

176 2256 435 2335 confirmasse⁶²).
478 2257 583 2320 Scotns
615 2265 729 2334 autern,
760 2264 897 2338 quantum
921 2257 1049 2334 seimus,
1081 2257 1215 2319 adhaec

175 2375 248 2420 sese
267 2377 307 2420 ne
328 2361 490 2421 commovit
510 2360 649 2440 quidem;
676 2377 761 2440 quam
791 2379 852 2421 rem
877 2359 1137 2422 Staudenmaierus
1159 2359 1214 2439 ipsi

174 2459 232 2536 (cl.
254 2459 354 2522 Staud.
381 2477 409 2540 p.
440 2449 617 2536 tito-rai)
638 2461 668 2522 in
689 2459 804 2522 landem
827 2461 924 2521 vertit.

256 2558 397 2621 Venimus
419 2577 498 2622 nunc
519 2559 556 2624 ad
579 2560 700 2622 alteram
719 2561 796 2624 illam
812 2559 1020 2642 theologorum
1035 2565 1214 2623 controver-

174 2659 262 2738 siam,
283 2661 367 2722 cuius
388 2660 507 2722 Scotum
529 2661 700 2741 participem
723 2660 815 2722 luisse
836 2661 972 2723 diximus.

258 2759 436 2823 Paschasius
466 2761 556 2843 igitur
577 2761 742 2825 Radbertus
753 2761 798 2838 ⁶⁸)
832 2770 875 2838 (a.
900 2758 1115 2835 ucccxltv.)
1139 2774 1213 2840 opus

493 2935 539 2947 -t

212 3045 258 3116 59)
276 3045 312 3105 ci,
332 3047 378 3098 l.l.
397 3063 455 3098 can.
476 3045 521 3108 Vl,
540 3047 590 3098 col.
608 3047 626 3100 6
645 3048 665 3098 D
686 3063 740 3116 req.

212 3149 261 3218 60)
280 3150 314 3204 ci.
335 3149 382 3201 tl.
401 3167 458 3201 ceu.
477 3149 523 3214 tv,
542 3150 593 3202 col.
612 3151 628 3202 5
651 3151 683 3202 D.
702 3178 735 3190 -

132 3244 137 3250 ³
211 3253 260 3322 dt)
276 3254 310 3306 el.
330 3255 426 3307 Morari.
445 3263 507 3307 torn.
531 3255 586 3317 XV,
604 3255 656 3307 col.
677 3252 730 3306 538
751 3253 835 3308 Ᾰ-Β.

210 3357 262 3429 ⁶2)
283 3357 356 3410 aab.
376 3360 404 3410 in
422 3357 522 3412 enuall.
544 3357 613 3410 libro
635 3357 740 3420 xxxv,
766 3375 792 3409 ιι.
813 3357 847 3410 58
874 3387 903 3398 -
927 3373 981 3408 ram
997 3354 1106 3408 dubiam
1128 3357 1212 3410 reliu-

277 3447 360 3516 quitp
389 3445 561 3498 Selilaeterus
587 3446 647 3515 (hl.
665 3464 691 3516 p.
711 3445 759 3517 tv)
778 3443 843 3498 haec
861 3443 959 3497 hebet:
990 3444 1066 3506 „Nic
1084 3443 1097 3502 l
1117 3461 1213 3504 ernon,

278 3549 352 3586 cone.
372 3531 432 3584 val.
452 3567 460 3585 .
478 3569 484 3584 .
503 3533 702 3598 confirmerit;“
721 3532 836 3584 addens:
858 3530 1084 3593 „‚,Venennm·“‘
1102 3531 1212 3600 dogma-

280 3626 338 3672 tum
357 3619 487 3688 Erigonae
507 3620 743 3690 perstringebatur,
765 3620 821 3690 lpse
832 3627 921 3672 tomen
934 3619 1002 3688 Erig,
1016 3617 1090 3671 haud
1102 3617 1213 3670 damna-

278 3715 322 3761 ttn
338 3715 405 3760 ort-‘⁶
808 3717 811 3724 ’

210 3811 263 3882 63)
283 3812 334 3864 ilie
351 3811 380 3863 ia
400 3809 586 3864 Surarionibur
607 3811 767 3875 humillimo,
796 3817 827 3863 ut
844 3810 958 3875 ridetur,
988 3811 1049 3863 loco
1070 3809 1213 3862 ortasium

280 3917 295 3952 ιι
320 3915 405 3969 puero
429 3897 591 3951 hionnrteria
615 3915 710 3970 reaque
736 3897 905 3950 monachicas
930 3907 1036 3951 recolui
1056 3896 1163 3950 taudem
1185 3898 1214 3950 iu

280 3985 442 4038 corbeiense
467 3985 625 4038 coenobium
653 4004 681 4039 ac
702 3987 827 4048 contulit,
846 3989 921 4056 colun
939 3985 1051 4056 primum
1070 3984 1213 4036 monachus

280 4069 377 4126 deinde
396 4072 507 4128 aulida
526 4073 616 4126 eruit.
637 4073 819 4128 visitantem
839 4089 887 4144 par
905 4073 1015 4146 primaru
1033 4071 1132 4125 ramuli
1147 4072 1213 4124 acui
