2938 4716
305 365 345 429 78

303 549 530 625 describuntur,
567 545 688 609 omnino
718 545 933 627 propemodum
969 546 1112 610 oblivioni
1147 547 1272 610 lrndilos
1294 563 1350 610 eos

301 653 394 716 luisse
418 649 536 710 credas.
578 647 682 727 Neque
703 647 755 721 illi,
783 650 833 726 qui
858 649 970 709 inlerea
993 665 1018 709 s.
1042 649 1164 710 concilii
1185 647 1349 711 Tridentini

299 753 383 813 iussu
408 749 536 810 indicem
556 747 697 808 librorum
719 747 932 826 prohibitorum
953 748 1127 823 conlucere,
1148 749 1231 811 Sunii
1253 748 1349 810 libros

299 849 338 912 de
360 851 472 911 naluris
494 853 681 908 curarernnl.
724 848 764 908 nt
796 864 883 926 quum
912 850 1036 926 prirnurn
1058 847 1255 910 renuulialunr
1282 848 1348 925 luil,

296 951 446 1030 prodiisse
470 947 508 1008 de
530 950 647 1027 integro
671 945 698 1007 in
721 947 867 1026 publicurn
890 947 983 1009 libros
1007 949 1063 1008 iarn
1086 948 1200 1027 pridem
1217 946 1347 1009 dannan-

296 1058 362 1124 los,
401 1049 513 1111 Romae
544 1048 574 1109 in
598 1046 725 1108 indieear
747 1047 890 1110 librorum
912 1049 1127 1128 prohibitorum
1151 1047 1237 1108 relali
1259 1055 1345 1124 sunl3

295 1169 383 1232 quern
396 1150 493 1210 locum
505 1165 589 1210 suum
602 1149 640 1208 ad
654 1147 829 1210 hodiernurn
843 1165 935 1228 usqne
949 1149 1024 1210 diem
1041 1150 1292 1222 obtinuerunlffl).
1305 1183 1345 1198 -

377 1249 481 1329 Neque
513 1254 611 1310 lernen
643 1248 702 1310 ullo
735 1255 824 1329 pacto
857 1249 1047 1312 Sellaelerus
1075 1248 1344 1330 reprehendendus

297 1356 355 1426 esl,
378 1355 537 1429 propleren
558 1348 650 1428 quod,
677 1351 732 1410 elsi
757 1347 935 1411 catholicum
957 1367 990 1410 se
1012 1349 1193 1430 prodlonlur,
1215 1347 1343 1430 postha-

295 1449 355 1511 bila
380 1466 558 1510 summorum
590 1449 760 1528 ponlilreum
793 1449 986 1527 auclorilale,
1019 1449 1118 1511 denuo
1148 1450 1214 1511 illos
1246 1448 1342 1511 libros

294 1547 431 1611 ediderit.
474 1550 546 1612 Nurn
570 1567 657 1629 quum
680 1550 738 1610 hoe
761 1551 854 1630 ipsum
876 1567 969 1630 nuper
999 1569 1015 1611 a
1052 1551 1180 1631 quodam
1210 1552 1341 1612 monilus

292 1649 408 1730 fuisset,
429 1667 483 1729 per
504 1648 725 1710 adolescentem
749 1650 806 1712 sibi
840 1652 1048 1714 amicissimum
1078 1654 1238 1714 eerliorern
1270 1671 1339 1714 euna

293 1748 376 1825 senil,
398 1765 468 1811 sese
486 1765 545 1812 nec
566 1748 718 1811 audivisse
738 1767 878 1830 unquam,
901 1768 958 1812 neu
980 1752 1117 1830 credero,
1136 1752 1223 1814 ullum
1245 1751 1337 1814 loan.

291 1850 339 1911 nis
363 1849 445 1912 Seoli
467 1849 616 1931 Erigonae
645 1867 719 1929 opus
750 1851 779 1911 in
804 1851 933 1912 indicem
956 1850 1097 1913 librorum
1119 1851 1338 1932 prohibilornm

289 1950 412 2013 relatum
438 1967 523 2026 esse3
547 1987 586 1998 -
608 1967 674 2012 euni
699 1951 848 2028 lorlnssn,
883 1953 1031 2014 nominum
1064 1953 1243 2014 similtudino
1278 1953 1338 2014 de-

261 2077 265 2084 ·
290 2058 418 2131 neptun,
443 2067 520 2131 quae
543 2051 581 2111 de
602 2050 714 2112 Ioanne
729 2052 810 2113 Duas
832 2052 921 2114 Scala
943 2053 1116 2131 invenisset,
1138 2053 1176 2115 ad
1192 2053 1336 2116 loannem

288 2151 408 2215 Suolurn
431 2153 591 2232 Erigonam
613 2187 652 2199 -
676 2151 853 2213 traduxisse.

371 2251 510 2312 Venimus
532 2267 611 2312 nuno
634 2249 672 2311 ad
692 2267 729 2312 ea
751 2250 923 2331 simplioiler
953 2247 1120 2327 allorenda,
1153 2267 1229 2330 quau
1257 2269 1335 2314 unus

288 2357 319 2412 el
339 2350 408 2412 item
431 2350 505 2413 aller
524 2353 590 2414 sine
612 2367 703 2413 nausa
724 2354 898 2413 necessaria
921 2350 1071 2432 Erigonae
1104 2352 1213 2414 lribuil.
1257 2353 1332 2415 Sunl

289 2452 353 2513 lero
373 2451 520 2526 haen²¹):

372 2551 394 2612 l.
429 2551 599 2630 ,Excerpla
630 2569 669 2613 ex
700 2551 853 2614 llaurobio
887 2552 925 2613 de
956 2551 1133 2615 differentiis
1164 2559 1195 2615 el
1222 2555 1330 2616 socie·
1361 2601 1363 2606 -

285 2649 394 2712 talibus
411 2651 519 2712 Graeci
535 2652 691 2732 Latinique
706 2652 824 2714 verbi.“
858 2652 893 2714 ll.
916 2641 1058 2732 ,llamilia
1076 2652 1113 2714 de
1132 2654 1213 2714 initio
1231 2669 1330 2715 euan-

286 2750 358 2832 gelii
392 2750 555 2813 sonandum
587 2750 757 2814 loannem.“
806 2753 890 2827 (luae
925 2752 983 2815 duo
1016 2755 1118 2834 ulique
1145 2753 1328 2835 Erigeniena

159 2905 166 2918 .
284 2867 364 2928 esse,
385 2853 449 2913 veri
470 2851 566 2914 simile
590 2859 714 2932 palatur.
735 2891 775 2902 -
795 2853 841 2916 lll.
865 2853 1133 2930 ,Conmentarium
1154 2855 1184 2914 in
1209 2853 1330 2934 Diony-

283 2954 359 3015 sium
381 2955 630 3034 Areopapilem.“
672 2955 736 3016 Hoc
760 2955 810 3035 qui
829 2953 937 3016 videril
957 2991 1007 3030 -,
1031 2953 1110 3034 quod
1134 2953 1252 3034 quidem
1275 2955 1326 3028 illi,

282 3069 358 3133 quos
379 3064 458 3134 (sup.
479 3060 541 3116 nol.
565 3055 631 3130 21.)
654 3060 794 3116 auctores
814 3061 935 3115 noslros
956 3053 1151 3131 laudavimus,
1172 3054 1229 3115 sibi
1250 3071 1324 3134 per-

281 3161 451 3232 suaserunt,
475 3161 521 3217 esl
543 3155 671 3217 fortasse
693 3172 791 3217 neruo.
835 3155 895 3216 larn
927 3171 1000 3214 uero
1029 3159 1131 3215 noslra
1153 3160 1251 3214 aelale
1272 3155 1322 3220 Dr.

280 3251 447 3331 Greillrius,
475 3255 624 3334 parochus
654 3255 874 3336 sangallensis,
908 3254 937 3314 in
970 3251 1148 3314 bibliotheca
1180 3253 1324 3316 lauicana

282 3423 557 3440 Ἢ

313 3523 360 3592 2⁰)
379 3522 412 3576 el.
431 3520 488 3574 lud.
503 3522 595 3575 libror.
607 3521 735 3594 prohibit.
751 3519 1318 3574 uditdlechliaiem.a.Mncccxxxvl11.

396 3645 403 3660 .
427 3611 485 3660 122.
505 3639 539 3650 -

312 3713 359 3782 21)
376 3630 413 3764 Ic‘f.
432 3713 498 3764 ilisa
517 3713 568 3764 llll.
582 3713 615 3765 de
636 3713 662 3764 ln
680 3713 779 3764 Frnnce
798 3719 861 3764 lom.
882 3711 914 3763 V.
934 3730 961 3782 p,
980 3710 1032 3765 427
1050 3729 1106 3784 seq.
1128 3711 1222 3774 Thorn.
1243 3711 1319 3764 Gale.

378 3809 439 3852 ten.
460 3818 488 3871 p.
510 3801 540 3850 ll
560 3809 587 3852 et
607 3818 633 3870 p.
656 3799 694 3851 13.
711 3828 743 3838 -
765 3799 819 3850 Nos
838 3801 910 3850 illam
932 3802 1098 3870 potissimum
1122 3799 1257 3851 historiam
1276 3814 1319 3850 se-

378 3887 433 3938 cuti
453 3903 552 3950 numus,
573 3903 653 3957 qaae,
671 3895 702 3938 ut
720 3887 814 3948 serius,
836 3888 872 3937 ita
890 3891 1039 3941 accurralius
1058 3889 1107 3942 uae
1127 3886 1162 3941 de
1180 3904 1208 3940 re
1227 3885 1319 3956 dispu-

375 3981 444 4026 traso
462 3974 596 4038 rideatur,
612 3989 692 4044 quam
713 3973 830 4026 Thomna
851 3974 960 4026 Galeas.
979 4003 1014 4016 -
