2940 4710
134 125 148 164 h

673 265 737 334 238

158 433 221 477 non
237 414 368 498 negarit.
390 411 538 500 Sepultun
556 414 753 500 ergoltomae
767 425 827 497 ent,
846 420 878 478 et
888 433 986 498 nuper
995 433 1064 478 eum
1077 409 1258 498 hujusmodl

161 521 353 606 epitaphium
368 521 519 587 luditumr
991 523 1012 590 h

243 627 373 692 §candit
385 630 423 691 ah
438 627 478 691 ll.
494 627 664 694 (lerhertnn
678 626 718 692 ad
732 628 772 692 Β.
787 631 897 711 pontea
910 625 994 710 Papa
1007 627 1116 710 rigenn
1132 625 1173 692 li.

241 729 344 818 liujun
360 751 434 798 rero
448 754 533 798 nunc
547 736 707 800 Antiatitin
725 732 902 818 repulerum
915 735 1015 796 lectur
1028 733 1092 796 tale
1107 732 1258 798 indicium

159 837 197 902 ele
215 838 348 904 Romani
369 815 531 905 Pontificio
551 847 652 904 morte
674 841 830 922 conterre,
859 849 896 903 nt
916 839 1074 924 paululum
1094 848 1258 920 antequam

157 948 257 1030 ipsium
273 949 371 1011 inntet
383 949 473 1028 finio,
493 953 609 1010 tantam
623 945 661 1008 (le
676 966 710 1011 ne
727 948 866 1012 humorie
881 947 1093 1009 inundantiam
1109 947 1257 1028 eil'unrlat,

159 1055 244 1117 utin
263 1055 398 1117 circuitu
415 1055 467 1118 nui
488 1053 588 1116 lutum
606 1052 709 1116 iaciat.
737 1053 774 1115 Si
788 1072 861 1116 vero
880 1051 1055 1117 Cardinalin
1077 1051 1192 1134 aliquia
1207 1051 1258 1116 rei

156 1177 291 1241 perrona
310 1157 467 1240 quaelihet
487 1179 596 1242 magna
616 1159 649 1220 in
675 1165 765 1221 eoetu
788 1159 982 1222 clericorum
1006 1177 1143 1221 numanae
1169 1156 1255 1222 nerlin

157 1267 291 1346 migrare
307 1285 364 1349 per
379 1271 509 1330 mortem
525 1264 627 1345 hehet,
649 1285 743 1347 nuper
760 1285 794 1328 ne
812 1263 1010 1348 sepulchrum
1028 1269 1149 1326 tantum
1158 1284 1257 1345 aquae

160 1373 293 1451 emittat,
310 1377 348 1434 ut
359 1372 485 1452 irrigari
501 1371 652 1436 videatur.
681 1371 767 1432 Haeo
780 1366 819 1432 ele
834 1369 973 1452 praeiato
996 1371 1149 1434 (leuberto
1172 1371 1257 1454 Papa

155 1477 195 1538 ab
212 1473 281 1539 aliie
300 1475 423 1552 audivi3
452 1481 559 1542 utrum
574 1496 647 1541 nero
664 1479 728 1540 aiut
751 1477 882 1539 nubnixa
897 1477 1026 1539 veritate
1043 1474 1186 1540 Lectorin
1206 1496 1257 1540 ar-

155 1581 250 1644 bitrio
268 1583 451 1665 inquoirenola
469 1581 661 1667 derelinquo.

246 1688 298 1753 15.
341 1689 578 1754 Tritemiun.
629 1689 770 1753 chron.
808 1685 997 1769 llirnaug.
1040 1683 1105 1752 erl.
1135 1685 1256 1754 llanil.

155 1793 251 1860 1559.
273 1818 305 1880 p.
324 1795 377 1876 52,
393 1795 453 1861 532
495 1794 617 1859 Claruit
640 1797 691 1859 hln
721 1793 913 1876 temporlhun
941 1794 1112 1858 Gerhertun
1137 1794 1256 1860 ordinin

153 1903 256 1964 uentri
271 1903 412 1966 coenobii
427 1901 654 1978 Floriaeennin,
675 1903 723 1964 vir
737 1903 769 1962 in
786 1899 1026 1980 Mathemutlea,
1046 1903 1256 1982 Astronomla,

154 2005 368 2092 Philosophia,
388 2009 604 2088 Arithmetiea,
617 2013 847 2094 naturarumque
856 2025 953 2087 paene
966 2007 1101 2070 omnium
1112 2008 1255 2088 nolentia,

155 2111 297 2176 doctrina
324 2112 573 2192 erudltlnaimun‚
618 2113 672 2194 qui
698 2109 810 2174 multon
845 2109 1016 2193 rlincipulon
1041 2112 1254 2178 nohilinnlmon

154 2216 302 2298 reliquit,
334 2221 418 2282 inter
443 2237 521 2299 quon
542 2219 641 2281 iertur
662 2219 754 2280 etiam
778 2217 853 2280 Otto
875 2218 1045 2298 imperator
1072 2219 1169 2282 iulnne
1192 2239 1255 2282 non

155 2322 296 2389 ultiman.
327 2325 389 2388 llic
410 2329 539 2407 propter
560 2320 835 2407 incomparabilem
859 2325 1020 2386 nolentiam
1046 2345 1133 2388 auam
1148 2327 1252 2407 primo

149 2426 216 2494 ,init
234 2427 498 2512 Archiephrcopun
518 2429 683 2494 llemeonin
707 2430 741 2491 in
758 2428 861 2492 Gallia
882 2449 940 2512 per
963 2432 1125 2513 Hngouem
1150 2451 1255 2514 regem

128 2549 135 2558 ·
155 2532 306 2596 Frauciae
321 2534 527 2614 conntitutun,
548 2533 658 2598 elelnrle
671 2533 783 2617 pulnun
803 2554 861 2619 per
874 2537 1022 2602 ottonem
1036 2539 1253 2621 imperatorem

35 2725 37 2730 Α
156 2637 367 2722 eonntitnitur
388 2638 650 2722 Arehlepinoopun
677 2638 943 2722 Ravennatennln,
978 2663 1016 2706 oe
1040 2650 1197 2728 pontremo
1217 2646 1255 2707 iit

155 2760 296 2806 nummus
312 2742 454 2806 Pontifex
473 2745 505 2806 in
524 2747 600 2806 urhe
624 2744 723 2808 Roma
746 2752 778 2810 et
794 2746 953 2829 Spirenter
974 2749 1129 2820 necundun
1149 2750 1252 2814 dictue

157 2851 216 2910 ent.
240 2847 375 2932 Scripnit
388 2847 426 2912 ‹le
442 2850 579 2934 Sphaera
593 2849 758 2934 pulchrum
771 2853 862 2939 ophi.
884 2855 961 2918 item
976 2854 1013 2918 (le
1029 2857 1254 2938 compositione

157 2951 319 3018 astrolabii
331 2961 363 3018 et
377 2956 566 3036 quadrantis.
595 2961 629 3023 ln
644 2960 849 3025 Arithmetioa
866 2981 986 3042 quoque
1005 2961 1152 3045 pulchrae
1169 2980 1253 3023 eom-

155 3061 327 3144 ponitionen
347 3061 430 3125 icolt.
464 3063 645 3148 Dialogum,
667 3086 758 3147 quem
775 3087 846 3130 cum
867 3068 971 3132 heone
985 3070 1105 3132 Abhotc
1128 3067 1253 3149 hahuit,

156 3165 274 3228 Nuntio
304 3166 494 3250 apostolico,
518 3169 609 3235 multi
638 3170 805 3255 plurimum
826 3172 1048 3238 commendant
1091 3172 1251 3257 lilpintolan

155 3269 284 3351 pinnen,
313 3292 389 3354 quan
409 3276 449 3339 ad
469 3279 671 3358 inquisitoren
695 3277 918 3362 dinclpulorum
944 3281 1088 3362 ncripnit,
1109 3279 1252 3344 vidimus.

156 3374 219 3438 llic
243 3383 291 3437 ert
309 3379 391 3460 l'apa
409 3378 587 3462 Sylvcnter,
615 3383 669 3464 qui
696 3403 714 3448 a
739 3385 895 3468 plerisque
922 3388 997 3450 laeti
1024 3385 1159 3449 loedoria
1182 3407 1253 3450 cum

159 3478 358 3546 daemonibus
375 3487 533 3569 arguitur,
558 3492 646 3576 eujue
664 3493 711 3555 rel
727 3512 784 3558 uon
802 3495 883 3558 ierre
898 3494 1082 3559 nententiam
1094 3513 1153 3560 nec
1165 3490 1253 3558 volu

159 3603 241 3668 mur,
261 3603 318 3650 nee
333 3589 489 3656 debemur.
