2938 4716
297 345 338 410 aa

295 529 475 592 existimavit
488 525 667 602 ll'ulladum,
688 529 812 608 primam
829 515 1004 592 ltcmcnscrn
1020 531 1209 608 canonicum,
1232 535 1338 613 postca

295 631 507 694 Bituricenscm
529 630 699 708 episcopum
713 635 765 704 Ι0).
792 629 875 689 llanc
889 630 979 692 Atinii
996 631 1198 692 coniecturam
1210 631 1339 696 Schlnc-

294 737 376 793 teras
391 737 429 806 ¹¹)
453 735 566 790 utrem
591 727 762 790 confessam
787 729 910 809 recepit.

376 829 548 902 Quaesitum
581 834 629 888 est
658 828 768 916 etiam,
811 844 879 888 nunr
912 827 1044 908 Erigcna
1076 829 1205 890 clericus
1239 828 1340 901 luerit,

292 945 400 990 necne.
441 928 558 1006 Negant
582 927 713 988 lllortius
729 933 778 1003 ¹²),
799 927 926 989 Thomas
948 928 1128 1006 honhart),
1153 927 1246 992 Natat.
1261 928 1340 990 hle-

288 1019 406 1092 xander
418 1031 469 1103 ¹⁴),
482 1026 667 1088 mabillonius
680 1032 735 1104 ¹⁵):
759 1029 821 1090 veri
835 1028 1011 1090 simillimum
1028 1035 1129 1108 putant
1140 1028 1273 1091 Hoclrius
1286 1027 1309 1074 ¹⁶
1311 1043 1340 1104 ι,

289 1129 617 1204 mortennani-osup:
645 1127 770 1190 affirmat
791 1130 899 1204 [dicet
921 1129 969 1190 alii
992 1129 1177 1204 dubitenttt),
1206 1127 1338 1190 Schlue-

289 1235 434 1305 cerusa).
478 1227 537 1290 Sed
559 1230 607 1309 qui
631 1235 752 1310 negant,
776 1229 867 1291 multo
890 1233 996 1311 magis,
1020 1247 1107 1310 quant
1124 1230 1173 1309 qui
1187 1229 1339 1290 affirmant

289 1330 512 1406 allirmarintvc,
535 1331 625 1391 rebus
644 1331 736 1392 certis
760 1328 906 1410 lactisque
930 1331 1068 1398 nituntur.
1089 1329 1125 1391 lli
1141 1330 1231 1404 enirn,
1257 1345 1336 1408 quae

289 1437 461 1511 sequantur,
484 1430 514 1490 in
537 1447 574 1490 eo
596 1433 692 1510 posita
714 1447 783 1492 esse
808 1431 920 1508 dicunt,
944 1431 1023 1510 quoti
1037 1433 1146 1494 Scotus
1162 1428 1338 1509 theologiae

289 1547 326 1592 ac
345 1529 551 1611 philosophiae
574 1529 672 1594 studio
695 1531 784 1592 tunice
807 1530 924 1594 deditus
948 1531 1056 1609 luerit,
1092 1547 1238 1610 eumque,
1270 1536 1339 1591 orta

290 1629 329 1693 de
352 1630 442 1694 rebus
465 1629 643 1712 theologicis
665 1632 749 1707 rixa,
783 1630 830 1692 rel
865 1631 1018 1712 episcopi,
1054 1637 1086 1692 ut
1113 1647 1196 1692 suam
1220 1628 1258 1691 de
1278 1628 1338 1692 illis

188 1761 190 1768 >
286 1732 464 1794 sententiam
494 1736 694 1810 proponeret,
728 1733 915 1811 rogaverint3
952 1731 1043 1794 hasce
1075 1738 1172 1792 autem
1204 1747 1255 1792 res
1284 1731 1336 1794 illa

288 1836 398 1909 aetate,
431 1831 489 1892 ntsi
508 1831 538 1892 in
561 1829 684 1892 homine
707 1830 829 1908 clerico,
864 1833 915 1893 rix
937 1837 988 1894 aut
1010 1849 1048 1893 ne
1068 1832 1119 1892 vix
1138 1830 1258 1910 quidem
1279 1847 1336 1894 usu

290 1931 384 1994 luisse
406 1937 557 1992 venturas.
599 1929 691 2003 Quasi
712 1947 797 2006 vero,
820 1931 869 2011 qui
890 1937 962 1993 tunc
982 1930 1080 2010 aliquo
1103 1947 1187 2006 casu,
1210 1929 1336 1992 forsitan

288 2033 353 2113 ipsa
377 2038 481 2093 natura
503 2031 629 2108 terente,
651 2031 680 2093 in
701 2031 813 2093 scholis
837 2031 874 2094 ad
897 2029 1104 2111 philosophiae
1119 2029 1336 2111 etthcologiac

288 2133 386 2196 studia
410 2131 525 2195 delatus
546 2151 582 2194 ca
607 2132 794 2208 adamasset,
817 2139 848 2193 ut
883 2133 911 2193 in
946 2134 983 2194 iis
1006 2139 1174 2214 perstaret,
1206 2133 1335 2193 clericus

290 2231 445 2295 debuisset
465 2231 616 2293 evadere!
639 2266 679 2280 -
701 2231 868 2312 Episcopus
891 2238 988 2294 autem
1010 2230 1077 2293 illos
1099 2237 1158 2292 turn
1174 2231 1334 2312 Erigenam

290 2332 402 2394 adiisse
424 2339 551 2406 constat,
574 2349 671 2411 quum,
693 2330 783 2392 rebus
804 2333 866 2394 suis
889 2331 1046 2392 admodum
1065 2333 1210 2412 angustis,
1233 2350 1250 2392 a
1274 2347 1333 2410 quo

290 2431 534 2508 defenderentur,
560 2434 610 2492 vix
631 2430 776 2492 baberent
799 2447 988 2511 quemquam.
1031 2432 1131 2505 Quare
1159 2449 1216 2492 nos
1236 2432 1335 2510 magis

291 2531 384 2594 altera
409 2531 457 2592 illa
477 2531 555 2593 ratio
577 2537 693 2592 movet:
715 2529 803 2610 idque
827 2530 874 2592 vel
896 2529 955 2593 hac
975 2531 1040 2594 sola
1065 2532 1220 2608 decausa,
1244 2530 1337 2612 quod,

291 2633 349 2694 etsi
370 2630 427 2692 illis
452 2625 633 2712 ternporibus
655 2646 739 2692 more
762 2630 816 2692 luit
836 2637 1005 2711 receptum,
1040 2639 1092 2708 ut,
1124 2632 1173 2711 qui
1207 2632 1335 2711 aliquem

292 2731 450 2792 clericatus
472 2730 597 2811 gradum
619 2731 807 2806 obtinuisset,
829 2731 1016 2793 continenter
1044 2731 1109 2793 lere
1141 2748 1179 2793 eo
1213 2731 1335 2792 nornine

291 2829 510 2911 appellaretur,
546 2831 652 2893 Scotus
675 2837 773 2894 tamen
795 2849 853 2895 nec
876 2831 913 2894 ab
936 2831 1001 2896 aliis
1034 2832 1250 2913 scriptoribus,
1286 2831 1338 2913 qui

297 2983 596 2995 m

329 3063 374 3132 10)
393 3063 427 3114 cl.
445 3061 541 3116 'lhom¹
561 3063 637 3114 Gale.
657 3063 672 3113 l.
688 3079 710 3112 c.
729 3062 846 3132 append.
865 3081 892 3132 p.
911 3063 953 3118 80.
966 3095 997 3106 -
1021 3063 1060 3114 De
1073 3060 1200 3114 lh'ulsudo
1220 3061 1251 3114 ci.
1270 3059 1336 3114 hiat.

399 3153 451 3204 tin.
470 3151 503 3202 de
523 3151 548 3201 la
569 3151 610 3202 Fr.
629 3159 692 3202 tom.
715 3149 748 3212 V,
767 3167 793 3220 p.
813 3149 874 3203 477.

330 3257 376 3325 11)
396 3256 430 3308 ci.
450 3253 471 3306 l.
492 3255 533 3306 Sc.
552 3253 612 3321 Erig
638 3269 664 3322 p·
684 3251 744 3305 592.
766 3285 801 3296 -

331 3359 376 3426 12)
394 3357 428 3410 ci.
450 3357 470 3409 Ι.
488 3357 530 3414 Sc.
549 3357 617 3425 Erig.
638 3373 664 3426 p.
683 3355 726 3408 46.
750 3383 782 3398 ·-

329 3463 374 3529 13)
394 3464 427 3515 ci.
438 3462 499 3514 hira
512 3461 543 3513 ol
552 3461 612 3512 lrel.
631 3460 686 3511 rol.
705 3459 725 3510 1.
736 3477 759 3515 c.
781 3459 821 3510 13.

332 3565 377 3632 14)
395 3567 428 3618 ci.
447 3567 586 3617 Dissertnt.
608 3562 675 3616 tttV.
691 3563 717 3614 in
736 3563 799 3616 hiat.
820 3562 914 3614 eccles.
935 3577 1001 3613 mec
1017 3559 1052 3613 tx
1074 3567 1102 3612 et
1122 3559 1153 3612 11.
1173 3557 1193 3631 §.
1216 3559 1235 3610 l.
1257 3575 1284 3610 ιι.
1302 3556 1337 3611 11.

332 3671 378 3742 15)
397 3672 431 3723 cl.
451 3669 516 3721 Acta
535 3666 632 3719 bened.
653 3683 720 3719 saec.
739 3666 784 3720 lV.
803 3683 828 3737 p·
849 3665 882 3718 ll.
901 3681 961 3737 pag.
980 3664 1045 3734 5103
1064 3663 1153 3716 annal.
1171 3661 1270 3716 Bencd.
1289 3662 1337 3714 lib.

405 3754 545 3811 xxxvttt.
565 3771 592 3806 n.
611 3755 653 3807 72.

333 3861 379 3931 16)
397 3863 430 3913 cl.
449 3859 589 3930 prcmer.
607 3861 740 3914 Bounenr.
761 3857 823 3910 laec.
842 3854 908 3910 xttt
929 3873 956 3928 p·
973 3856 1016 3910 36.

335 3967 380 4034 17)
399 3965 431 4018 cs.
450 3963 470 4016 l.
491 3964 561 4016 Scot.
578 3961 647 4030 Erip.
666 3979 694 4032 p.
716 3960 775 4013 tau.

333 4069 379 4139 18)
398 4069 432 4122 cl.
454 4067 475 4120 l.
494 4066 565 4127 Scot,
588 4065 658 4134 Erig.
677 4083 706 4136 p.
725 4065 771 4116 lll.
791 4093 823 4108 -
