2934 4710
262 306 321 370 rao
350 287 352 291 ’

357 481 404 544 tv.
429 483 511 546 llaec
531 482 661 563 denique
680 489 835 564 postquam
856 487 926 545 suot
946 481 1115 562 disputata,
1138 483 1228 548 tacite
1250 493 1301 549 est

259 583 297 646 ad
321 581 554 662 intelligendum,
576 600 663 662 11111111
686 583 793 645 Scotus
817 583 881 644 iuro
904 600 959 644 suo
982 591 1012 644 et
1034 583 1109 646 haec
1128 587 1301 666 scripserit:

258 683 357 762 ,Deus
379 689 504 762 peccata
530 683 623 768 punit,
647 689 688 759 et,
710 689 745 742 ot
764 683 869 744 oerum
891 681 999 760 dicam,
1016 685 1121 762 panim
1139 686 1238 748 111111.α
1258 663 1300 738 ’-

258 781 351 862 „Mala
374 781 511 846 volontas
528 783 795 862 praevaricantium
818 784 906 845 totius
930 785 1047 864 peccati
1069 791 1100 846 et
1119 786 1210 876 tqtius
1220 790 1304 865 poess

256 900 316 943 noe
332 881 454 961 pcccati
488 899 577 943 causa
602 881 711 944 ellrcax
732 889 806 944 111.ις
851 881 909 959 (tt.
931 901 958 963 p.
981 883 1175 960 9694970.)
1201 919 1242 941 ψ-
1264 887 1301 949 ln

256 982 334 1046 lilrro
358 982 396 1046 de
418 983 696 1062 praedestinatione
716 983 771 1058 (cl.
795 1001 859 1064 sup.
883 1002 949 1064 cap.
972 983 1048 1062 lV.)‚
1062 1003 1121 1065 quo
1136 989 1201 1066 ipse
1221 1005 1300 1049 seo-

257 1087 414 1146 tentiarum
440 1101 552 1157 nexus,
579 1090 611 1144 ut
648 1082 808 1164 diligenter
832 1079 870 1144 de
893 1102 967 1146 vero
987 1087 1149 1164 poenarum
1173 1093 1300 1148 auctore

256 1185 475 1262 inquireretur,
510 1181 599 1244 multo
636 1185 736 1245 acrius
773 1183 960 1262 postulabat,
981 1183 1050 1246 illud
1074 1187 1180 1264 ipsum,
1201 1186 1301 1248 nultos

256 1301 278 1346 o
297 1283 353 1344 deo
373 1299 487 1363 poenas
511 1283 664 1359 constitui,
686 1285 767 1344 omni
789 1285 892 1346 virium
915 1289 1108 1346 courtentione
1131 1287 1206 1346 tueri
1227 1293 1297 1348 sto-

257 1382 329 1446 duit.
372 1380 458 1456 Quod
495 1389 598 1444 autem
621 1383 715 1442 maios
738 1384 826 1444 etiam
849 1390 905 1459 est,
926 1384 988 1463 ipso
1011 1385 1076 1446 eius
1099 1376 1299 1466 philosophia,

256 1490 287 1547 ot
309 1481 367 1544 hoc
397 1481 539 1558 doceret,
575 1499 641 1544 cunr
675 1485 788 1564 coegit.
841 1483 1049 1563 Namque'ex
1072 1485 1158 1548 huius
1181 1487 1299 1568 placitis

257 1581 331 1646 deus
352 1582 426 1644 nilrit
464 1581 543 1644 aliod
575 1581 668 1659 novit,
702 1583 760 1644 nisi
797 1600 873 1662 qnae
902 1589 971 1644 sunt
1007 1583 1206 1661 „constantim
1245 1593 1300 1648 aut

255 1681 491 1745 substantialium
536 1681 704 1744 accidentia
739 1681 927 1758 naturalia“,
957 1682 1141 1762 proindeque
1175 1690 1299 1764 ,totum,

257 1781 338 1862 quod
361 1781 469 1844 dicitur
490 1779 629 1857 molnm“,
650 1798 738 1861 quum
761 1782 790 1842 in
812 1781 896 1843 hisce
919 1799 980 1846 noo
1002 1782 1178 1862 reperiatur,
1209 1802 1297 1863 „om-

254 1883 327 1946 nino
358 1884 504 1962 ignoratn
537 1880 594 1956 (cl.
625 1886 652 1954 §.
683 1883 733 1944 57.
766 1883 805 1956 A,
838 1881 897 1962 111.)
920 1919 960 1931 -
982 1881 1048 1956 Quo
1081 1883 1218 1964 prolecto
1252 1885 1295 1962 lit,

253 1987 296 2060 ot,
318 1983 436 2043 etiamsi
471 1981 544 2043 deos
580 1981 643 2062 ipse
667 1981 836 2043 hominibus
868 1983 973 2061 impiis,
996 1982 1102 2061 quibus
1125 1983 1294 2061 puniuntur,

255 2084 426 2159 constituat,
447 2081 507 2145 hoc
527 2089 626 2144 mmen
649 2083 831 2163 imprudens,
854 2084 962 2146 nedum
982 2101 1042 2144 non
1063 2082 1169 2146 volens
1191 2085 1292 2146 iaciat.

252 2183 355 2265 ltaque
388 2183 462 2246 deus
495 2189 620 2264 peccata
655 2199 714 2246 noo
736 2185 827 2265 ponit,
850 2184 916 2262 sed,
941 2184 979 2246 ad
999 2201 1155 2258 summum,
1177 2186 1292 2265 „putrui

253 2285 403 2362 sinit³⁵).“

672 2393 674 2398 ⁸
723 2448 751 2516 ς.
780 2435 829 2499 aa.

351 2567 455 2630 Totum
476 2567 566 2648 igitur
585 2566 642 2628 hoo
664 2568 759 2629 nostri
784 2566 935 2627 decretum
964 2567 1002 2628 de
1025 2569 1158 2646 peccatis
1177 2585 1292 2648 pecca-

252 2675 409 2748 torumque
449 2669 574 2748 poeois,
612 2667 641 2727 id
676 2667 756 2747 qood
790 2669 862 2729 satis
891 2668 1072 2748 patefecisse
1102 2669 1290 2748 arbitramur,

251 2768 380 2832 maxima
400 2785 474 2830 sane
496 2769 740 2849 gravissimorum
762 2769 897 2830 errorum
918 2769 1104 2830 multitudine
1124 2768 1292 2838 1511111111-

166 2933 168 2938 .
252 2877 323 2933 tum.
377 2867 460 2942 Quos
486 2869 523 2930 de
555 2869 673 2952 integro
695 2869 845 2950 sigillatim
868 2885 1030 2930 recensere
1053 2887 1196 2930 nauseam
1219 2875 1291 2930 tun-

250 2969 402 3034 tummodo
424 2971 619 3032 excitaturum
641 2971 826 3032 arbitramur.
877 2969 927 3030 ltla
949 2976 1057 3047 autem,
1079 2986 1155 3050 qnae
1176 2987 1291 3032 somma

251 3073 289 3132 ab
313 3071 376 3132 istis
398 3070 486 3151 nugis
507 3070 586 3130 ailae
609 3071 674 3130 osui
697 3071 803 3130 damna
825 3069 1063 3150 queantinlerri,
1086 3069 1182 3150 magis
1204 3069 1290 3150 quasi

251 3171 282 3233 io
308 3175 413 3249 aperta
436 3170 504 3232 luce
524 3168 701 3230 collocanda
714 3187 783 3232 esse
804 3170 971 3231 videantur.
1014 3169 1096 3230 llaec
1116 3169 1205 3250 igitur
1226 3170 1288 3230 im-

251 3272 353 3351 primis
376 3271 405 3330 in
429 3271 486 3332 isto
517 3287 576 3330 ono
611 3271 707 3348 posita
731 3276 798 3330 sont
821 3269 929 3345 omnia,
952 3268 1031 3348 qood
1054 3261 1128 3330 deus
1149 3284 1208 3328 neo
1239 3269 1290 3348 qui

249 3374 388 3452 peccant,
410 3386 467 3430 nec
490 3387 567 3449 quaa
582 3376 755 3450 peccantur,
777 3369 834 3431 ullo
849 3371 967 3431 ratione
990 3369 1158 3430 dicitoraut
1181 3384 1289 3430 curare

251 3478 302 3534 aut
332 3471 464 3532 novisse.
515 3471 586 3532 Sota
619 3469 696 3532 male
734 3471 879 3533 laetorum
917 3470 1103 3532 conscientia
1133 3485 1218 3547 eum,
1237 3470 1289 3549 qui

249 3570 407 3655 peccando
439 3570 584 3652 indulget,
616 3587 715 3651 poena
750 3569 864 3648 allicit,
892 3607 933 3620 -
962 3567 1026 3630 sola
1047 3567 1289 3642 malefactorum

296 3692 624 3708 --—-·-—q-..-——-·

253 3701 332 3811 *35)
352 3740 533 3802 Schloeternr,
551 3743 615 3793 lieet
638 3744 678 3809 (p.
691 3735 846 3807 llllloeqq.)
870 3735 942 3786 Scoti
962 3735 1123 3786 senteutiam
1142 3731 1176 3786 de
1196 3733 1289 3796 „malo

350 3839 377 3882 et
397 3831 432 3882 de
453 3837 620 3900 peccatorum
641 3827 751 3893 poenir“
770 3855 803 3864 -
819 3820 1017 3875 (intendendam
1036 3819 1191 3890 susceperit,
1210 3818 1289 3870 ideo-

348 3933 401 3987 que
422 3915 456 3968 de
485 3915 618 3967 industria
646 3913 791 3976 examinet,
819 3912 928 3963 illorum
949 3918 1039 3961 umen
1059 3923 1186 3968 errorum,
1204 3906 1288 3977 quia

347 4003 426 4057 nobit
446 4003 675 4066 coniectatione
695 4001 780 4052 ullum
798 3997 908 4069 quidem
929 3995 1058 4068 reperiare
1075 3991 1195 4050 videtur!
1216 4023 1250 4032 -
