2944 4714
802 253 822 310 b

356 469 555 528 comeare
573 483 622 525 a·
640 469 842 527 truc-neue
860 475 908 526 rte
927 471 1057 526 flet-te
1076 469 1268 531 licitene.
1314 461 1317 470 ’

349 619 534 684 Benedictus
565 617 731 700 episcopus
761 627 879 682 servos
898 635 1063 684 servorum
1095 619 1170 696 Dei,
1202 620 1346 684 universis

264 703 378 770 Christi
395 705 536 770 tidelibus
554 712 723 786 presentes
738 705 856 770 litteras
872 707 1061 786 inspecturis
1071 705 1212 784 salutern,
1229 715 1261 770 et
1274 723 1347 788 spo-

264 795 404 858 stcticam
431 792 691 857 benedictionem.
731 793 972 858 Gonsidcrsotes
1004 793 1133 857 nostr'ae
1164 792 1348 863 mortaiitatis

263 879 472 960 fragititatem,
490 888 522 944 et
536 880 658 944 bornuni
676 883 785 962 generi
802 881 1024 956 conditionem,
1048 880 1241 961 districtique
1252 899 1347 944 aare·

264 969 384 1032 ritatem
396 968 518 1050 judicii,
543 969 749 1049 percupimus,
773 967 880 1032 fideles
907 968 1060 1050 singulos,
1084 966 1232 1043 judicium
1254 969 1347 1050 ipsun

264 1055 355 1120 bonis
372 1055 529 1136 operibus,
553 1063 584 1119 ct
600 1056 658 1137 piis
675 1055 819 1136 precibus
836 1058 1020 1136 prevenire,
1040 1061 1075 1116 nt
1097 1071 1154 1135 per
1180 1054 1233 1120 ilia
1250 1073 1348 1120 eamn

264 1151 390 1222 peccata
414 1141 591 1218 deleantur,
617 1143 738 1225 ipsique
765 1149 889 1206 eternae
921 1143 1078 1206 feticitatis
1101 1141 1216 1222 gaudia
1238 1141 1350 1206 facilius

265 1231 414 1312 consequi
432 1239 619 1294 mereantur.
650 1231 724 1294 Corn
741 1231 853 1312 itaque,
869 1231 950 1293 sicut
964 1231 1153 1309 accepimus,
1168 1231 1201 1298 in
1217 1229 1350 1294 Ecclesia

264 1317 442 1382 dinnasterii
460 1317 498 1379 dc
515 1315 675 1382 cornitton
692 1337 790 1400 prope
814 1325 846 1380 et
860 1325 948 1380 extra
966 1335 1073 1381 muros
1089 1317 1225 1381 civitatis
1240 1317 1351 1382 bendi-

265 1406 361 1481 ensis,
385 1403 510 1468 Ordinis
526 1405 557 1468 S.
574 1405 752 1486 Augustini,
776 1405 1002 1470 Canonicorum
1019 1402 1223 1485 Regularium
1239 1404 1350 1468 Leodi-

265 1494 349 1554 ensis
365 1491 527 1568 Dioecesis,
546 1508 603 1554 una
621 1495 670 1573 pia
687 1498 718 1555 at
732 1492 844 1557 devota
860 1493 1021 1572 utriusque
1032 1509 1128 1555 sexus
1144 1491 1263 1555 Christi
1278 1491 1351 1554 tide-

265 1577 339 1640 lium
365 1578 610 1653 confraternitas,
633 1579 691 1642 sub
716 1581 914 1644 invocatione
936 1575 1223 1656 Sanctae'Jufianae,
1249 1579 1285 1642 nd
1299 1579 1352 1642 Dei

266 1665 486 1746 omnipotentis
509 1665 628 1728 faudem
652 1673 683 1730 et
700 1667 862 1745 bonorem,
886 1667 1056 1730 animarum
1080 1666 1226 1744 satutem,
1247 1667 1351 1746 proni·

266 1753 369 1834 mique
384 1754 634 1831 subventionem,
657 1773 718 1818 non
737 1761 836 1817 tanuen
855 1773 910 1835 pro
934 1753 1110 1817 bortrinibos
1125 1754 1220 1816 unius
1235 1755 1350 1833 specia-

265 1837 304 1902 lis
320 1841 394 1903 artis
411 1840 559 1904 canonice
575 1849 687 1918 erecta,
703 1860 796 1921 snper
813 1842 1002 1906 ordinarium
1019 1841 1080 1905 loci
1096 1841 1188 1902 etiam
1207 1841 1349 1904 oenomao

266 1926 414 2010 erigenda
429 1929 558 2002 existet,
583 1929 671 2007 eujus
692 1928 952 1994 confraternitatis
973 1929 1146 1992 contraires
1172 1925 1282 1992 dilecti
1304 1926 1348 1989 iiii

266 2031 356 2096 uuam
373 2016 505 2096 piurima
520 2016 654 2096 piatatis,
679 2016 836 2082 charitatis
859 2025 889 2080 et
911 2015 1134 2080 misericordie
1148 2031 1248 2096 opera
1264 2031 1349 2078 exer-

266 2119 339 2166 cerc
356 2109 586 2168 consueverunt
601 2121 656 2168 scu
673 2105 844 2168 intendunt.

355 2190 394 2253 Ut
410 2190 504 2272 igitur
519 2189 599 2254 dicta
616 2191 853 2255 confraternitas
869 2190 984 2272 majora
1009 2190 1040 2254 in
1055 2190 1124 2252 dies
1140 2191 1292 2272 suscipiat
1304 2191 1347 2252 iu-

268 2283 435 2354 crementa,
452 2294 488 2339 ac
503 2278 563 2359 ipsi
580 2286 611 2340 ct
627 2295 682 2358 pro
699 2285 839 2361 tempore
854 2280 1025 2342 existentes
1041 2277 1131 2340 diotre
1147 2277 1348 2342 confraterni-

267 2365 338 2426 tatis
354 2367 537 2442 confratres,
553 2367 584 2428 in
602 2365 692 2446 frujas
707 2367 790 2430 modi
807 2383 936 2446 operum
953 2366 1104 2428 exercitio
1120 2365 1346 2439 confoveantur,

268 2456 299 2513 et
314 2456 413 2527 manis
429 2451 466 2514 ad
483 2469 519 2514 ea
535 2454 566 2514 in
583 2462 739 2532 posterum
750 2453 936 2532 exercenda,
953 2469 1075 2516 necnon
1091 2451 1346 2517 aliiCbristitids-

265 2536 313 2602 fas
336 2538 505 2602 addictam
528 2537 810 2605 confraternitatem
833 2540 871 2604 de
893 2548 1007 2606 cetero
1031 2540 1279 2623 ingrediendam,
1299 2553 1347 2620 per

270 2623 400 2704 amptius
417 2627 595 2704 invitentur,
611 2626 754 2708 dictaque
770 2625 903 2692 ecclesia
919 2631 949 2692 in
966 2628 1067 2692 debita
1079 2629 1284 2692 veneratione
1297 2625 1346 2688 be-

266 2708 386 2786 beatur,
402 2711 480 2776 etab
491 2715 564 2794 ipsis
574 2713 687 2778 Cirristi
698 2715 841 2780 fidelibus
857 2717 1005 2796 congruis
1021 2715 1240 2795 frequentetur
1253 2714 1344 2776 bono-

266 2798 364 2876 ribus,
381 2798 488 2880 iiiique
504 2817 542 2864 eo
553 2800 742 2866 libentiused
752 2803 862 2867 dictant
875 2803 1050 2879 ecclesiam,
1065 2801 1246 2866 devotionis
1254 2815 1345 2874 musa,

266 2885 434 2964 confluent,
450 2903 511 2968 quo
528 2893 618 2952 ettam
632 2889 693 2954 hoc
707 2891 791 2955 dono
805 2889 1056 2973 sustentamine
1072 2889 1200 2953 uberius
1217 2903 1347 2968 conspr-

265 2975 370 3036 xerint
385 2993 419 3040 se
435 2993 506 3064 esse
521 2975 667 3055 refectos,
693 2976 734 3042 de
756 2977 894 3059 ejusdam
910 2977 1132 3056 omnipotentis
1149 2975 1207 3038 Dei
1232 2975 1347 3040 mism-

267 3061 384 3138 cordia‚
407 3079 444 3124 ac
458 3057 617 3128 beatorum
634 3066 716 3129 Petri
740 3073 770 3130 et
785 3065 870 3128 Pauli
891 3063 1101 3145 apostotorum
1123 3063 1192 3143 eius
1213 3061 1348 3126 aradori-

267 3155 329 3211 tate
345 3148 464 3225 conisi,
481 3149 624 3216 omnibus
640 3159 671 3214 ct
685 3152 818 3235 singulis
834 3153 996 3234 utriusque
1010 3169 1105 3214 sexus
1122 3150 1237 3214 Christi
1252 3147 1347 3212 bdeli-

266 3233 324 3298 bus
340 3253 414 3298 vore
429 3237 650 3317 paenitentibus
665 3247 697 3304 et
716 3239 879 3316 confessis,
902 3241 959 3320 qui·
978 3239 1088 3303 dicam
1114 3237 1347 3302 confraternita-

266 3328 327 3386 tem
351 3323 391 3386 de
414 3332 528 3390 cetero
545 3326 771 3408 ingredientur,
794 3328 846 3391 die
870 3330 970 3408 primo
986 3325 1110 3390 itionum
1135 3328 1304 3406 ingressio,
1322 3319 1345 3384 si

265 3411 492 3476 sanctissimum
519 3413 719 3478 Eucharistiae
741 3417 972 3480 Sacramentum
1001 3413 1207 3496 sumpserint,
1237 3409 1345 3476 eides

266 3498 474 3566 confratribus
489 3519 571 3566 nunc
586 3509 618 3564 et
633 3519 690 3581 pro
708 3510 847 3584 tempore
862 3501 1078 3580 existentibus,
1094 3501 1186 3564 etiam
1201 3511 1346 3579 serapte·

268 3586 436 3650 nitentibus
452 3595 483 3652 et
498 3590 660 3662 confessis,
683 3607 720 3652 ac
733 3607 824 3654 sacra
840 3591 1070 3662 communione,
1096 3590 1124 3652 ai
1148 3587 1179 3650 id
1193 3582 1345 3650 cowde

266 3669 334 3735 beri
351 3676 475 3755 poterit,
492 3677 630 3751 refectis,
646 3679 696 3740 ret
712 3677 821 3742 saitem
838 3679 991 3753 contritis,
1007 3680 1038 3739 io
1053 3693 1163 3740 eurum
1178 3673 1285 3738 mortis
1297 3687 1344 3733 rr·
1439 3719 1440 3728 ,

268 3759 364 3824 ticufo
381 3763 463 3842 pium
480 3782 591 3828 nonren
607 3763 681 3832 feru
698 3765 805 3844 corde,
826 3767 851 3828 si
868 3783 925 3829 ore
940 3764 1147 3845 rennuerint,
1171 3761 1285 3826 decute
1297 3761 1344 3821 io·

266 3849 461 3927 incarnatus,
477 3859 529 3917 aut
544 3853 668 3935 atiquod
685 3855 809 3936 signnm
825 3853 1016 3933 penitentie
1032 3848 1225 3926 facientibus,
1240 3843 1348 3910 acdin-

266 3935 306 3996 tis
323 3937 531 4004 confratribus
547 3941 637 4006 etiam
653 3955 729 4002 vere
745 3939 964 4020 penitentibus
980 3944 1012 4002 et
1032 3937 1197 4012 confessis,
1215 3951 1254 3998 aa
1269 3929 1344 4028 diets

265 4037 354 4087 sacra
370 4029 586 4090 camuranionc
601 4029 694 4092 etiarn
709 4026 848 4104 refectis,
870 4027 922 4108 qni
938 4024 1101 4088 ecclesiam
1117 4023 1291 4105 praestans
1314 4031 1342 4077 ¹¹¹

265 4107 318 4173 die
333 4111 413 4176 festo
429 4111 566 4194 ejusdem
583 4116 712 4182 Sancus
727 4113 869 4178 Juliame
883 4131 901 4176 a
916 4113 1024 4192 primis
1039 4113 1190 4194 empuis,
1204 4098 1343 4203 arnaud

266 4213 409 4264 causum
423 4197 501 4264 sotis
517 4197 580 4263 diei
594 4200 666 4265 testi
690 4199 866 4282 bcjnsmodi
892 4201 982 4264 annis
996 4198 1129 4282 singolis
1143 4197 1255 4264 deuote
1269 4192 1343 4256 risu·
