2934 4710
278 353 341 418 13⁰
390 422 395 428 ,

372 527 489 604 „Visum
519 533 566 590 ert
585 527 693 598 notis,
715 525 859 603 quasdem
883 525 1019 592 theorias
1040 527 1078 588 de
1099 527 1197 589 'reditu
1220 527 1319 589 ciirc-

274 637 354 692 ttnnn
376 631 406 689 in
441 644 560 701 causae,
588 626 617 686 Ιι.
649 639 678 692 e.
712 627 742 686 in
775 627 928 701 rationes,
959 625 989 685 in
1012 627 1120 705 quibus
1142 627 1321 703 subsistunt,

278 731 472 808 subiungere.
498 735 502 746 ’
527 727 617 788 Cuius
651 725 766 786 redies
789 723 896 804 triplex
918 726 1116 789 occurrebat
1138 727 1253 788 mortus.
1279 761 1324 774 -·

276 829 409 902 tinorum
431 829 543 906 primus
561 823 682 904 quidem
706 824 890 905 generaliter
912 826 943 885 ia
958 829 1205 888 transmutatione
1229 827 1324 886 totius

274 927 424 990 sensibilis
445 933 620 999 creaturos,
649 941 726 1004 quae
753 925 830 984 intra
852 922 939 984 troius
956 923 1058 985 mundi
1082 925 1224 986 ambitum
1243 941 1329 984 eon..

274 1027 407 1098 tinetur,
431 1025 460 1086 tn
485 1036 513 1086 et
546 1024 679 1086 omniurn
710 1037 887 1101 corporum,
918 1039 974 1083 seu
999 1024 1325 1102 sonstuoscorporets

273 1123 554 1196 mercinensium,
592 1131 645 1184 sed
669 1137 726 1182 eos
747 1121 929 1199 praenimia
950 1122 996 1182 sui
1014 1123 1176 1182 subtititato
1199 1121 1326 1202 tugien-

272 1225 357 1299 uun,
391 1221 641 1294 considerantur,
663 1224 703 1284 ita
727 1227 759 1282 ut
781 1220 889 1282 nuttrror
913 1239 1023 1299 corpus
1046 1223 1085 1282 sit
1106 1224 1184 1282 intra
1205 1227 1321 1284 textura

272 1339 440 1403 corporeae
461 1326 597 1396 naturae,
617 1323 683 1382 siue
704 1321 784 1384 vitati
809 1328 891 1384 rnotu
913 1320 1113 1398 soturnurodo,
1133 1337 1189 1383 scu
1210 1322 1330 1384 occut-·

274 1429 306 1486 tc
327 1441 382 1486 scu
404 1429 507 1501 aperte
529 1427 709 1502 vegetatum,
730 1439 785 1484 scu
805 1421 1001 1484 irrationabiti
1024 1423 1122 1484 anirna
1146 1439 1321 1501 corporeo-

273 1539 331 1602 que
353 1537 446 1584 sensu
467 1519 596 1600 potiens,
613 1521 693 1600 quod
714 1539 773 1581 non
789 1521 818 1580 in
844 1537 915 1581 suas
931 1539 1038 1582 causas
1055 1521 1190 1582 occultas
1211 1539 1321 1582 reuert-

274 1629 363 1688 tatur.
405 1621 453 1685 nd
476 1619 598 1684 attritum
622 1621 701 1684 euim
723 1621 878 1700 redigetur
901 1622 931 1682 in
952 1621 1011 1697 tris,
1032 1639 1110 1702 quae
1133 1621 1320 1682 suostantia-

273 1723 342 1786 1itcr
361 1741 379 1785 ιι
399 1737 495 1788 causa
517 1722 647 1786 omniurn
669 1720 826 1782 substituta
848 1727 925 1784 sunt.
975 1721 1134 1784 Secundus
1154 1739 1228 1784 vero
1250 1739 1320 1783 nro-

274 1823 331 1888 dus
361 1821 575 1901 speculationis
605 1837 681 1886 suae
717 1805 821 1884 sedern
854 1821 970 1882 obtinet
1000 1823 1030 1883 in
1062 1822 1160 1883 reditu
1180 1823 1318 1902 generati

275 1924 368 1986 totius
398 1921 545 1986 humanae
577 1927 720 2000 naturae,
755 1923 785 1984 ia
807 1923 927 2003 Christo
948 1923 1093 1998 salvatae,
1115 1924 1144 1983 in
1164 1923 1323 2001 pristinum

276 2041 351 2086 suae
382 2021 564 2089 conditionis
599 2027 706 2086 statuar
738 2039 775 2082 ac
809 2021 898 2082 vetuti
919 2023 1068 2100 quendam
1087 2021 1269 2101 paradisum,
1292 2024 1325 2084 in

276 2122 398 2186 divinae
435 2121 798 2201 imaginis'dignitatcm,
831 2122 939 2182 rnerito
964 2123 1069 2197 rarius,
1089 2121 1176 2184 cuius
1199 2125 1327 2202 sanguia
1399 2179 1402 2184 .

274 2221 471 2284 cornmuniter
503 2235 558 2300 pro
587 2219 683 2282 arare
717 2221 808 2282 totius
827 2219 1018 2283 humanioris
1040 2221 1202 2296 tusnsust,
1225 2223 1264 2284 ita
1288 2230 1323 2285 ut

277 2333 368 2386 neruo
391 2320 542 2387 toruiuuar
575 2319 776 2384 naturatibus.
794 2319 893 2394 tonis,
927 2321 955 2380 in
979 2319 1243 2399 untrrsuonditus
1266 2331 1324 2398 est,

278 2422 422 2500 privetur,
444 2421 509 2480 sive
531 2419 625 2492 bene,
652 2421 718 2482 siue
740 2421 869 2484 ruricio
888 2421 1024 2484 trac-‚uita
1050 2421 1169 2482 vixerit.
1210 2425 1257 2485 Ac
1278 2427 1327 2486 siu

279 2521 400 2582 diuinae
432 2520 574 2582 bonitatis
599 2526 630 2580 et
657 2519 807 2598 targitatis
829 2519 989 2583 iaeiirbitis
1012 2528 1043 2582 et
1062 2523 1329 2601 tneornpratrensr-

278 2617 346 2682 tritis
370 2618 490 2680 ditiusia
522 2617 550 2676 in
583 2633 701 2680 ornnern
725 2617 882 2684 Ιιιιιιιιιιιιιιι
906 2626 1040 2683 nuturarn
1064 2621 1229 2698 apparebit,
1253 2623 1325 2684 durn

282 2719 313 2778 io
338 2715 418 2781 ructio
449 2718 577 2794 punitur,
614 2716 694 2796 quud
725 2732 882 2780 asumnro
904 2718 986 2780 bono
1007 2727 1117 2780 rnannt.
1145 2753 1184 2768 «-
1206 2721 1327 2784 Tertius

281 2817 321 2880 de
341 2817 438 2878 ruditu
473 2817 608 2879 theoriae
639 2817 760 2882 arodus,
783 2826 919 2881 versatur
940 2821 968 2879 in
992 2820 1049 2896 tris,
1072 2821 1120 2899 qui
1144 2839 1203 2884 aun
1229 2823 1327 2886 scturn

280 2919 313 2978 ie
333 2917 543 2979 subtimitatern
567 2923 691 2978 naturae
712 2919 744 2978 io
766 2918 801 2980 iis
821 2918 996 2982 substitutae
1017 2922 1191 2995 ascensuri,
1221 2941 1327 2985 rerura

283 3017 372 3078 etiam
395 3035 448 3094 pcr
471 3015 683 3082 abundantiam
707 3017 828 3082 diuinae
855 3022 983 3098 gratiae,
1005 3038 1082 3099 quae
1104 3039 1159 3100 per
1178 3024 1329 3087 ituristurn

284 3124 315 3182 et
335 3119 367 3178 in
397 3115 516 3180 christu
551 3118 657 3186 auctis
689 3119 766 3194 suis,
783 3117 935 3194 uetur,
965 3135 1054 3199 supra
1076 3139 1183 3183 ornnes
1204 3131 1331 3186 naturae

285 3213 371 3294 iuges
393 3231 429 3279 ac
444 3217 597 3280 -ternrinos
617 3218 910 3302 superersuauattrer
931 3220 960 3278 in
983 3219 1077 3298 ipsum
1104 3223 1191 3284 deunr
1215 3227 1332 3286 transi-

285 3316 341 3380 turi
365 3322 443 3388 sunt,
465 3331 614 3396 unumque
635 3317 665 3378 in
690 3317 756 3396 ipso
772 3324 807 3376 ot
828 3333 897 3382 oum
913 3317 979 3396 ipso
1001 3321 1099 3382 iuturi.
1123 3323 1255 3396 Quorum
1278 3341 1335 3386 re-

286 3415 388 3474 cursio
410 3415 499 3475 vetuti
522 3422 590 3495 post
611 3415 757 3494 quosdam
779 3417 892 3494 gradus
912 3425 1028 3498 septem
1052 3421 1241 3484 discernitur.
1285 3425 1334 3486 Ao

283 3513 396 3591 primus
416 3515 474 3576 erit
494 3515 616 3582 mutatio
639 3517 751 3577 terreni
776 3520 915 3598 (torporis
937 3519 966 3580 in
988 3529 1098 3584 rnoturn
1121 3525 1251 3599 uitatcrn,
1274 3541 1331 3586 se-

286 3611 402 3674 cundus
422 3651 464 3660 -
487 3615 584 3676 vitatis
617 3621 714 3676 motus
744 3618 771 3675 in
805 3630 945 3694 sensuro,
980 3623 1084 3684 tertius
1106 3659 1146 3671 -
1167 3640 1277 3686 sensus
1300 3627 1331 3688 in

288 3711 448 3784 rationem,
470 3713 581 3781 ceurae
599 3749 634 3788 f-
655 3714 784 3788 rationis
805 3717 833 3777 in
855 3717 1003 3782 anirnurn:
1025 3722 1054 3782 in
1077 3739 1136 3802 quc
1151 3723 1219 3786 inis
1239 3727 1331 3786 totius

287 3809 443 3874 rationalis
472 3820 629 3884 creaturae
660 3817 859 3886 constituitur.
902 3818 973 3880 Post
991 3807 1071 3886 tra'nc
1089 3823 1182 3886 verae
1201 3824 1333 3903 quinquie

285 3910 409 3986 purtiuur
436 3917 559 3977 nostrae
588 3919 713 3988 opturac
745 3915 979 3996 adunationem,
1011 3924 1148 3998 eorporis
1181 3922 1335 4000 ridaticct,
1423 3995 1427 4005 q

280 4009 378 4071 uitatis
399 4019 508 4092 motus,
527 4031 645 4092 sensus,
658 4015 795 4094 rationis,
807 4015 977 4084 intellectus
996 4021 1053 4099 (ita
1074 4028 1104 4084 ut
1116 4039 1182 4090 nou
1190 4024 1334 4107 qunque,
