2938 4716
296 335 332 399 16

291 513 383 586 Quam
419 511 548 572 omnium
586 513 688 572 virium
720 511 884 572 intentione
912 511 1137 572 accuratissimo
1167 508 1318 589 explicare

290 619 414 674 conatus
444 611 514 672 est?
559 611 713 672 innumera
748 611 832 672 buius
861 610 1239 692 diligentiae-'argumenta
1272 606 1320 668 val

287 713 361 775 sotis
386 711 424 770 de
453 710 599 774 divisione
624 716 747 772 naturae
771 711 853 771 libris
878 711 977 772 inesse
1007 709 1151 772 videmus.
1182 745 1224 756 -
1256 708 1319 771 Nec

287 811 415 891 denique
436 810 493 870 alia
519 809 557 870 de
580 827 669 870 causa
693 809 755 872 lieri
780 811 882 890 potuit,
906 816 938 872 ut
961 810 1057 872 bisin
1079 808 1317 872 doctissimorum

286 909 433 973 hominum
457 908 495 970 de
518 907 607 970 rebus
630 909 813 991 theologicis
831 909 1037 988 dissensione,
1073 910 1103 972 id
1135 908 1215 990 quod
1246 925 1317 969 mox

283 1011 425 1091 peculiari
449 1009 645 1088 disputatione
666 1027 878 1090 persequemur
893 1013 950 1088 ¹⁵),
984 1029 1001 1072 a
1030 1007 1215 1092 gravissimis
1243 1009 1317 1070 airis

284 1117 314 1171 ot
334 1113 398 1189 ipse
419 1107 456 1170 ad
478 1109 667 1172 scribendum
688 1111 727 1172 sit
746 1110 896 1190 impulsus.

366 1209 451 1282 Quod
473 1213 568 1270 antem
593 1210 622 1270 in
646 1209 816 1291 theologiae
839 1211 913 1272 hnes
934 1209 1055 1292 ingenio
1070 1224 1125 1270 suo
1139 1205 1315 1288 philosopho

284 1311 370 1372 nirnis
393 1323 463 1370 acre
484 1308 655 1388 permisisse
687 1310 795 1372 dicitnr
826 1311 999 1390 imperium,
1030 1308 1100 1370 licet
1129 1323 1231 1369 verum
1264 1307 1313 1383 sit,

283 1410 360 1470 banc
381 1415 477 1470 tamen
498 1409 675 1470 sententiam
696 1417 827 1472 nostram
848 1411 958 1473 irritam
979 1426 1039 1470 non
1060 1407 1140 1471 lacit

235 1505 240 1518 '
364 1507 423 1568 lam
446 1524 518 1570 vero
541 1510 570 1569 in
593 1507 797 1589 philosophia,
833 1511 999 1590 quicunque
1031 1508 1132 1570 idonei
1161 1506 1248 1569 huius
1267 1509 1312 1568 rei

281 1607 395 1688 iudices
417 1613 502 1688 sunt,
534 1611 624 1672 Scoto
656 1628 727 1690 prae
750 1611 886 1672 omnibus
908 1613 972 1673 eius
993 1609 1166 1691 aequalibus
1187 1607 1311 1688 palmam

282 1707 400 1770 deterre
425 1725 484 1770 non
509 1708 649 1770 dubitant.
684 1710 810 1772 Prodeat
832 1712 879 1773 vir
901 1710 1122 1789 celeberrimus,
1143 1707 1312 1770 l.Bruclrc-

279 1826 352 1883 rus,
385 1808 434 1887 qui
464 1810 496 1871 in
529 1809 631 1871 critica
662 1809 868 1889 philosophiae
899 1809 1076 1888 histortau)
1106 1810 1145 1870 ita
1175 1809 1311 1888 scripsit:

280 1909 395 1986 „Nemo
417 1909 476 1970 hoc
497 1909 619 1972 saeculo
641 1909 714 1986 (lX)
736 1910 940 1990 philosophiae
956 1910 1043 1972 laude
1063 1909 1159 1989 magis
1180 1908 1314 1985 eminuit,

279 2027 364 2090 quam
386 2008 407 2070 l.
431 2009 570 2073 Scotus.“
611 2011 648 2072 Et
670 2012 794 2073 deinde:
824 2013 989 2092 „Sapientis
1021 2028 1131 2074 nomen
1151 2010 1190 2070 ob
1212 2003 1329 2089 philo·'

278 2109 402 2188 sophiae
425 2112 557 2173 notitiam
576 2128 697 2190 prorsus
720 2111 900 2193 singularem
921 2113 1046 2192 accepit.
1071 2150 1108 2164 -
1130 2145 1171 2158 -
1203 2109 1234 2171 ln
1254 2125 1310 2187 pu.

278 2209 344 2271 sillo
366 2209 479 2287 (Secti)
508 2227 636 2289 corpore
665 2229 803 2292 magnum
826 2212 969 2272 habitavit
988 2210 1139 2291 ingenium
1160 2223 1309 2287 -supra

278 2307 396 2370 modum
417 2316 533 2372 acutum
558 2315 588 2370 et
609 2311 770 2386 excellens,
793 2311 847 2387 sic,
867 2319 898 2372 ut
922 2299 1010 2372 nemo
1029 2308 1070 2371 illi
1092 2309 1147 2370 ista
1163 2313 1260 2369 aelate
1277 2307 1307 2368 in

276 2406 462 2488 philosophia
483 2409 692 2488 praestiterit.“
733 2409 784 2470 llis
804 2409 946 2470 Brucheri
972 2407 1072 2486 dictis,
1100 2407 1204 2488 quibus
1224 2407 1310 2487 plura

276 2506 409 2568 ciusdem
430 2507 560 2569 auctoris
580 2505 693 2570 addere
714 2525 879 2588 possemus,
900 2523 961 2570 noa
983 2507 1079 2569 minus
1096 2507 1186 2570 Scolo
1211 2504 1309 2566 hono.

275 2606 379 2686 rilica,
418 2609 539 2668 omnino
573 2611 763 2670 consentiunt
784 2607 834 2669 alii
856 2607 932 2687 viri,
968 2624 1092 2688 quorum
1114 2607 1254 2668 iudicium
1278 2610 1308 2666 et

275 2707 367 2786 ipsum
392 2707 504 2786 plurimi
529 2707 605 2787 apud
623 2725 679 2770 nos
699 2708 839 2788 ponderis
861 2725 930 2771 esse
953 2707 1102 2781 debelti).
1144 2708 1239 2787 litque
1267 2705 1306 2766 da

274 2808 417 2869 industria
438 2823 491 2868 eos
513 2814 623 2869 tantum
650 2810 708 2870 boe
728 2810 796 2872 loco
818 2815 910 2872 testes
931 2808 1126 2886 adhibuimus,
1148 2809 1196 2887 qui
1210 2808 1304 2887 ipsam

271 2907 420 2988 Erigonae
439 2907 654 2989 philosophiam
676 2927 794 2973 summo
811 2926 902 2991 opera
920 2909 1110 2973 detestantur.
1146 2908 1207 2982 Ona
1220 2906 1258 2968 de
1270 2922 1304 2968 ro

271 3007 375 3068 itemm
398 3007 542 3070 ttrnolreri
556 3011 648 3072 verba
665 3010 881 3074 transscribere
896 3011 1004 3072 liceat:
1024 3010 1198 3089 praesertim
1215 3026 1302 3088 quum

271 3107 375 3184 simul,
405 3108 435 3168 id
466 3109 544 3189 qaod
574 3111 604 3171 in
638 3117 769 3172 extrema
792 3109 878 3174 huius
899 3111 1003 3190 capitis
1023 3115 1106 3190 parte
1129 3109 1215 3170 nobis
1236 3109 1303 3169 usui

270 3208 344 3282 erit,
376 3209 560 3287 apertissime
588 3209 758 3286 declarent,
794 3212 887 3291 qualis
919 3211 995 3272 haec
1025 3211 1089 3289 ipsa
1116 3206 1302 3288 philosophia

268 3305 365 3368 luerit.
409 3309 458 3368 hit
481 3309 570 3390 igitar
591 3310 756 3373 Bructerus
771 3320 822 3390 ¹⁸),
846 3329 962 3373 omnem
984 3311 1065 3373 Scoti
1085 3307 1301 3390 philosophiam

301 3509 517 3598 mapm'

301 3634 346 3699 16)
364 3635 397 3684 ci.
416 3642 480 3685 tom.
500 3634 536 3683 lll
555 3631 632 3703 (edit.
653 3634 784 3704 Lipsiens·
810 3635 888 3704 1741)
905 3653 932 3704 p.
953 3632 1005 3686 614
1023 3651 1082 3704 seq.

300 3737 345 3805 17)
364 3739 397 3788 cl.
430 3739 474 3788 Dr.
504 3735 586 3788 lloek.
616 3737 660 3787 l.l.
688 3756 713 3807 p.
731 3738 766 3789 33
792 3755 883 3808 seqq,
908 3737 1091 3790 Tennemnnn.
1112 3739 1173 3790 hist.
1195 3739 1293 3808 philos·

362 3825 424 3876 Vol.
444 3826 513 3875 Vlll.
534 3842 591 3892 pars
611 3825 631 3884 l,
649 3843 673 3891 p.
693 3825 726 3876 65
746 3843 830 3896 seqq,
849 3825 994 3878 doctissimi
1013 3825 1176 3877 Benedictini
1196 3842 1210 3875 e
1228 3841 1296 3876 con·

364 3914 518 3978 gragatione
539 3929 558 3960 s.
580 3911 664 3962 Marmi
688 3913 714 3962 iu
735 3912 795 3962 hist.
815 3913 868 3968 litt.
887 3921 950 3964 torn.
970 3912 1001 3973 V,
1020 3930 1047 3981 p.
1067 3913 1117 3964 att
1139 3921 1189 3962 cet.
1209 3919 1260 3963 cet.

296 3996 1296 4087 mampmammanmmfflnmmmma-
