2944 4714
803 173 838 232 Ν

275 375 370 448 crate,
381 361 606 452 jucundissime
620 359 712 444 duxi;
725 363 814 446 cujus
828 362 869 429 de
884 361 1028 430 convictu
1037 356 1169 446 moriam
1182 357 1274 432 nebia
1286 356 1374 444 dig-

275 458 348 524 aias
368 453 442 520 licet
463 471 554 536 quam
579 451 771 536 gloriabatur
792 450 895 530 Plato,
921 450 1038 534 gratias
1063 465 1161 532 agens
1182 454 1301 514 nature
1326 463 1374 514 ec

274 541 371 627 gaad,
387 543 420 608 in
433 540 544 608 diebus
559 540 696 608 Socratis
710 540 772 619 sui,
791 538 949 605 bominem
962 556 998 602 se
1013 542 1044 602 et
1058 553 1122 600 uon
1137 534 1287 618 pecudem
1303 553 1375 618 pe·

274 633 419 715 perisset.
455 627 521 694 Nos
541 629 625 694 enim
644 629 830 692 sanctiorem
851 629 945 693 vitam
959 623 1226 706 salubrioremque
1241 623 1374 690 doctri.

273 737 341 786 ram
363 715 514 784 catholici
535 722 568 780 et
589 713 843 782 christianissimi
869 714 1005 780 bominis
1031 713 1154 792 experti
1180 728 1308 776 manua:
1339 719 1376 778 et

274 824 372 885 muro,
396 805 465 886 ejm
483 802 565 886 apud
588 803 687 868 Deum
709 802 855 885 precibus
877 800 1030 884 adjuvari,
1053 817 1182 883 sperare
1203 797 1374 864 debemus.

274 894 385 977 Neque
409 891 491 958 enim
513 889 667 973 putandos
688 897 738 956 eat
755 891 947 969 memoriam,
968 889 1000 953 in
1015 904 1076 971 apua
1091 903 1149 952 nos
1171 893 1319 969 tanguam
1338 890 1377 952 in

275 983 348 1048 sinu
372 985 529 1046 maternos
552 995 676 1059 semper
695 977 833 1056 ferebat,
862 978 1018 1043 amisisse:
1051 979 1105 1039 aut
1130 992 1207 1040 vero
1230 973 1376 1041 ebaritas

277 1067 404 1148 curiati,
419 1084 479 1149 qua
493 1067 575 1132 siout
596 1064 677 1131 lilios
692 1063 935 1148 amplectebatur
950 1065 982 1128 in
997 1080 1036 1129 eo
1052 1061 1189 1128 extincta
1203 1069 1262 1126 est.
1305 1061 1376 1130 Sed

275 1156 394 1239 absque
416 1154 511 1220 dubio
533 1170 654 1218 memor
679 1154 779 1218 nostri
800 1151 893 1235 buJ'ua
911 1150 1177 1235 peregrinaretur,
1198 1149 1312 1214 invitst
1331 1149 1376 1214 ad

275 1261 323 1323 ae,
345 1242 427 1308 votis
448 1247 482 1306 et
506 1240 606 1304 tacitis
628 1240 775 1323 precibus
795 1241 955 1308 obtestans
975 1256 1033 1322 per
1056 1244 1176 1304 secreta
1191 1235 1242 1302 illa
1258 1244 1293 1300 et
1307 1255 1376 1302 ve-

275 1331 414 1414 spertina
430 1326 587 1408 colloquia
601 1344 671 1409 qum
686 1328 846 1395 nobiscnm
863 1328 895 1392 iu
910 1324 1047 1406 bertulo,
1057 1325 1147 1408 joma
1162 1323 1315 1408 capellam
1329 1325 1375 1390 de

276 1419 402 1483 civitate
423 1413 476 1480 tila
496 1430 587 1496 quam
601 1414 670 1479 Dec
686 1415 814 1481 volente
837 1422 965 1481 senator
982 1431 1066 1478 nuno
1079 1413 1231 1496 possidet,
1251 1416 1375 1497 saepius

275 1502 420 1578 babebat,
435 1508 468 1566 et
482 1502 649 1568 obsecrans
667 1521 724 1586 per
743 1502 907 1586 lacrymas,
928 1519 1005 1586 quas
1026 1500 1180 1567 interdum
1205 1501 1240 1566 in
1261 1503 1374 1567 medio

276 1605 423 1658 sermono
436 1605 652 1672 prorumpens,
674 1591 851 1656 exundante
873 1592 971 1656 sancti
992 1589 1115 1655 ardoris
1138 1590 1256 1672 impetu
1278 1607 1373 1654 ema-

277 1679 381 1757 nabat,
402 1682 438 1742 ut
456 1675 530 1742 ssluo
545 1678 630 1741 omni
649 1677 755 1743 studio
769 1695 974 1762 properemus
987 1679 1069 1742 vlam
1085 1679 1203 1759 regiam
1217 1677 1373 1742 directam

276 1766 459 1853 gradientes
473 1771 650 1831 sauctorum
665 1767 785 1832 Petrum
809 1767 952 1850 vestigiis
967 1764 1245 1830 observantissime
1264 1763 1371 1830 inbe-

276 1861 395 1932 rentea,
411 1857 446 1916 ut
460 1851 577 1917 nullum
592 1869 722 1934 prorsus
736 1855 769 1918 iu
787 1851 1014 1932 diverticulum,
1029 1849 1143 1917 nullam
1160 1851 1193 1915 iu
1209 1869 1323 1916 novam
1340 1857 1373 1916 et

274 1942 418 2008 fallacem
442 1941 582 2005 semitam
603 1939 792 2021 desiliamus,
814 1960 854 2007 re
878 1943 959 2009 lorta
979 1941 1011 2004 in
1026 1940 1157 2022 laqueos
1178 1939 1371 2004 etscandala

276 2029 447 2096 incidamus
455 2051 465 2107 ;
481 2028 565 2110 goia,
579 2028 660 2092 sicut
673 2030 717 2093 ait
730 2029 899 2110 Psalmista,
913 2029 1014 2093 dacto
1028 2028 1091 2090 iter
1104 2025 1289 2091 scandulaca
1300 2047 1370 2108 po.

277 2123 409 2182 meunt
422 2115 507 2180 mibi.
541 2114 617 2180 Nam
632 2117 716 2199 quod
732 2124 780 2182 est
789 2117 878 2199 juxta
892 2119 962 2195 iter,
980 2114 1048 2179 ,lroc
1063 2121 1111 2179 eat
1130 2122 1219 2179 extra
1234 2116 1305 2190 iter,
1329 2116 1370 2180 de

276 2206 330 2270 via
344 2211 445 2270 autem
461 2201 535 2286 quid
550 2203 643 2268 dicit:
680 2203 751 2268 Pac
764 2205 862 2268 multo
885 2203 1084 2287 diligentibus
1098 2203 1196 2285 legem
1214 2209 1314 2280 taces,
1339 2210 1370 2268 et

276 2299 399 2358 nonest
413 2291 476 2355 tuis
489 2291 681 2356 scandalum.
710 2291 750 2356 Et
765 2291 838 2374 guid
853 2299 900 2356 est
914 2293 968 2356 lex
982 2291 1124 2356 Dominil
1155 2290 1287 2357 Sicorin
1302 2289 1367 2357 elio

276 2380 398 2447 Psalmo
415 2385 572 2444 cantatur:
594 2380 682 2446 Viam
695 2380 915 2444 mundatorum
929 2387 1054 2444 laomen
1068 2379 1205 2456 mcuma',
1227 2397 1297 2441 caat
1311 2379 1367 2442 di·

276 2467 388 2533 latasti
402 2485 459 2532 cor
473 2485 582 2530 meum.
612 2467 696 2550 Ergo
712 2469 745 2532 in
760 2468 828 2548 via,
843 2487 921 2550 pex3
938 2468 1133 2546 extrariam,
1148 2465 1338 2531 scandalum.

363 2555 430 2620 lloo
448 2553 627 2620 scandalum
654 2555 818 2622 incurrunt
839 2558 892 2638 qui
914 2573 971 2638 per
991 2554 1127 2620 hereses
1153 2562 1185 2618 ot
1199 2553 1367 2620 schismata

277 2641 454 2721 deviantes,
472 2659 578 2724 pacem
593 2643 774 2710 catholicam
790 2645 892 2725 impiis
907 2642 1157 2710 contentionibus
1171 2643 1367 2708 rescindunt

278 2729 366 2806 Quos
381 2729 582 2795 nibilominus
596 2732 628 2794 in
644 2731 721 2796 Psal.
740 2733 790 2811 13,
806 2733 849 2796 ita
863 2731 1025 2797 adnotatos
1041 2732 1246 2796 advertimus:
1280 2729 1366 2794 Corr-

277 2818 367 2881 tra'tio
381 2823 413 2882 et
427 2815 595 2897 infelicitas
608 2819 642 2881 ira
662 2820 723 2884 ciis
750 2838 868 2899 eorm,
891 2825 922 2883 et
941 2823 1026 2885 cinna
1044 2819 1137 2901 pocta
1157 2835 1222 2882 nora
1243 2835 1366 2900 cogno-

275 2912 398 2971 oeracat.
435 2904 516 2969 Ecca
531 2904 707 2972 scandalum
722 2909 773 2974 vel
789 2910 894 2990 polius
908 2907 1068 2986 scandala3
1091 2925 1202 2989 nempe
1217 2908 1364 2973 contritio

277 3001 311 3059 et
324 2991 489 3058 infelicitas
504 3001 637 3073 eternam
661 3014 730 3078 pum
757 3003 924 3062 occurrunt
948 2997 981 3060 in
1003 2997 1121 3060 semitis
1136 2994 1364 3069 hereticorum,

277 3080 358 3146 viam
381 3079 466 3163 pacis
491 3079 653 3147 catholieo
673 3087 905 3151 recusantium:
939 3083 1069 3150 Avertat
1095 3083 1247 3148 Dominus
1276 3089 1365 3160 ate;

276 3175 384 3236 sancte
399 3168 506 3248 irater,
531 3171 656 3234 semitas
679 3171 772 3252 talea3
796 3181 829 3238 et
845 3178 1007 3238 convertat
1028 3170 1124 3254 pedes
1138 3181 1209 3238 tuos
1224 3173 1258 3235 in
1271 3174 1366 3236 testi·

277 3259 382 3324 monia
397 3274 468 3322 aua:
481 3263 522 3322 et
535 3257 699 3326 mendaces
722 3261 873 3337 ostendat,
901 3261 952 3344 gui
978 3258 1088 3326 lauram
1109 3267 1191 3326 tuam
1207 3264 1267 3323 tam
1283 3259 1366 3324 lmda

276 3345 348 3411 labe
363 3345 518 3410 maculare
533 3347 683 3427 nituntur,
705 3357 888 3432 spargentes
903 3365 1144 3432 usquequapoe3
1165 3355 1285 3412 utnon
1307 3365 1365 3414 so-
1442 3351 1443 3356 ’

278 3434 343 3499 lum
357 3432 483 3499 Latinos
497 3452 605 3500 verum
620 3437 712 3501 etiam
729 3438 913 3504 Teutonicas
927 3455 1031 3515 aures,
1048 3437 1129 3501 iuter
1144 3453 1220 3518 guas
1234 3435 1289 3500 diu
1304 3455 1364 3518 pe-

276 3521 437 3602 regrinor,
456 3521 647 3603 repleverint
669 3526 756 3607 qnasi
772 3531 803 3590 te
817 3527 854 3590 ab
869 3527 986 3591 unitate
1000 3533 1115 3590 sanctae
1131 3525 1236 3589 matris
1252 3521 1364 3588 Eccle-

277 3608 335 3674 aim
350 3608 529 3688 divulseris,
544 3618 576 3674 et
589 3609 629 3674 de
643 3627 774 3695 corpere
789 3620 821 3679 et
835 3613 987 3696 sanguino
1001 3613 1138 3691 Domini,
1158 3609 1242 3694 qood
1257 3613 1364 3692 guoti-

278 3692 331 3760 die
350 3697 382 3760 in
406 3697 551 3762 universa
573 3704 656 3763 terra
677 3716 773 3782 super
787 3709 924 3766 sanctum
936 3699 1045 3767 Altera
1068 3699 1254 3776 immolator,
1274 3699 1363 3764 aliter

278 3799 369 3865 quam
384 3783 461 3848 tides
476 3784 626 3852 corbolien
641 3792 757 3868 teneat,
771 3791 888 3854 sentire
902 3789 1050 3856 videaris.

365 3871 432 3936 lloc
447 3879 506 3951 est,
520 3873 685 3940 utiliorum
700 3875 740 3942 do
755 3883 786 3940 te
799 3877 891 3944 dictis
905 3885 985 3952 utar,
999 3896 1063 3946 non
1077 3897 1148 3945 esse
1162 3895 1272 3944 verum
1286 3894 1361 3944 cor·
1440 3851 1441 3880 ¹

277 3975 337 4042 pua
353 3956 468 4025 Glariati
482 3979 584 4044 neque
598 3980 708 4030 verum
722 3968 916 4050 sangninem,
939 3966 997 4033 sed
1019 3968 1148 4051 liguram
1165 3965 1317 4050 quandam
1332 3973 1362 4030 et

278 4046 522 4114 similitudinem.
546 4050 620 4116 llaec
633 4059 705 4118 ante
720 4052 780 4119 lroc
794 4056 953 4122 biennium
969 4073 1037 4121 cum
1052 4056 1224 4136 audissem
1246 4057 1361 4122 frater-

174 4145 177 4150 ·
279 4135 405 4206 motem
421 4143 502 4204 tuam
518 4155 575 4222 per
589 4140 753 4221 epistolam
768 4145 949 4221 convenire,
965 4144 1060 4228 idque
1074 4163 1115 4212 ex
1129 4146 1232 4228 teipso
1247 4145 1359 4211 certios
