2938 4716
357 844 410 914 De
435 845 506 918 vita
531 857 566 916 et
590 846 792 942 praeceptis
816 845 961 916 loannis
986 843 1084 917 Sooti
1110 847 1295 943 Erigonae.

549 1116 550 1120 ἵ
671 1063 767 1112 Para
790 1065 979 1124 posterior.

753 1237 893 1252 m

784 1396 814 1464 §.
841 1391 867 1452 l.

384 1506 515 1570 Naturae
538 1513 580 1582 (s.
601 1500 742 1590 φύσεως)
763 1509 884 1570 nornine
908 1503 1179 1586 comprehenditur,
1203 1503 1347 1586 quidquid

303 1607 369 1690 „uel
391 1611 492 1672 animo
513 1608 626 1690 percipi
648 1614 766 1690 potest,
797 1608 844 1672 uel
868 1608 958 1670 onirni
979 1607 1174 1670 intentionem
1194 1613 1346 1687 superat“

779 1729 809 1800 s.
839 1724 868 1786 9.

386 1825 408 1890 l.
451 1826 563 1906 „Primo
584 1842 621 1888 ao
642 1841 755 1888 summa
774 1830 930 1900 (naturae)
950 1823 1058 1886 divisio
1081 1831 1128 1886 est
1150 1824 1242 1904 ineo,
1264 1809 1345 1906 quoe

222 1989 224 1992 .
302 1933 379 2007 sunt,
401 1934 432 1990 ot
450 1928 481 1992 in
501 1945 550 2003 oa,
570 1943 648 2007 quao
669 1943 731 1988 non
752 1932 847 1988 sunt.“
869 1959 907 1974 -
931 1923 969 2000 (l.
998 1926 1044 2000 1.)

385 2027 537 2090 Habentur
555 2034 652 2090 autern
676 2028 805 2108 quinque
838 2023 985 2106 „modi“,
1017 2023 1123 2104 quibua
1148 2023 1257 2106 aliquid
1283 2023 1345 2087 dici

302 2135 400 2210 potest
419 2127 467 2190 vel
489 2133 606 2208 ,esso“‚
627 2128 674 2190 uel
696 2143 775 2208 „non
798 2130 896 2188 esse.“

775 2248 805 2319 s.
837 2241 867 2309 3.

386 2362 535 2441 „Quorum
558 2363 670 2441 prinus
692 2359 824 2437 videtur,
847 2376 1008 2439 perquem
1033 2360 1111 2421 ratio
1132 2357 1250 2435 suadet,
1272 2375 1343 2420 om-

301 2462 480 2548 nia,quoe
514 2478 663 2541 corporeo
694 2461 795 2520 sensui
833 2459 880 2520 vel
910 2459 1125 2541 intelligentiae
1157 2458 1343 2539 perceptioni

301 2561 514 2638 succumbunt,
544 2576 634 2640 posse
665 2558 882 2621 rationabiliter
905 2558 965 2621 diei
987 2577 1075 2622 esse:
1096 2575 1172 2640 quoe
1196 2575 1270 2620 vero
1290 2575 1345 2639 per

301 2660 508 2722 excellentiam
544 2676 618 2722 suae
652 2665 777 2721 naturae
822 2676 940 2721 ornnem
981 2677 1124 2738 sensum,
1160 2659 1343 2721 intellectum

299 2761 507 2839 rationemque
542 2759 674 2839 lugiunt,
698 2760 761 2820 iure
783 2761 878 2822 videri
901 2777 961 2821 non
984 2769 1081 2822 esse.“
1102 2797 1144 2808 -
1166 2760 1230 2824 lloo
1251 2762 1344 2842 igitur

301 2861 393 2924 modo
418 2860 555 2922 dicuntur
575 2859 803 2941 essequaedarn
827 2861 1059 2942 uniuscuiusque
1081 2861 1232 2922 essentiae
1257 2861 1343 2922 aoei-

301 2960 412 3037 dentia‚
436 2993 475 3008 -
497 2977 558 3022 non
583 2977 652 3022 esse
674 2976 747 3024 vero
768 2963 848 3041 ipsas
870 2961 1036 3023 essentias:
1061 2963 1211 3024 essentiae
1229 2961 1342 3037 (enirn)

299 3066 506 3144 agnoscuntur
534 3078 596 3124 non
619 3060 689 3142 quid
711 3063 792 3140 sint,
829 3062 883 3124 sed
916 3069 1059 3139 (tanturn)
1092 3063 1161 3142 quia
1191 3061 1278 3126 sinte
1300 3096 1340 3112 -

303 3161 342 3242 (Ι,
363 3162 471 3239 2-3.)

779 3291 807 3360 q.
834 3277 865 3342 d.

386 3397 558 3478 „Secundus
591 3395 697 3458 modus
729 3397 758 3458 in
796 3402 966 3458 naturarum
996 3400 1163 3457 creatorum
1185 3391 1341 3455 ordinibus

303 3499 521 3562 considerator.
583 3499 791 3580 Unusquisque
814 3498 889 3560 ordo
924 3503 1021 3579 potest
1044 3496 1104 3558 dici
1127 3513 1206 3575 esse,
1228 3501 1258 3556 et
1280 3511 1341 3556 non

301 3618 381 3662 esse.
436 3599 590 3662 lnlerioris
624 3599 702 3660 enirn
743 3597 915 3675 affirmatio,
949 3595 1112 3677 superioris
1132 3601 1179 3657 est
1202 3596 1342 3676 negatio:

303 3701 455 3763 lnlerioris
482 3701 622 3780 negotio,
649 3705 695 3760 est
712 3697 876 3778 superioris
900 3693 1056 3760 affirmatio
1077 3701 1152 3758 eted‘
1174 3730 1215 3744 -
1234 3693 1273 3777 (l,
1294 3693 1341 3769 4.)

778 3825 806 3894 q.
839 3815 867 3876 s.

386 3933 504 4012 „Tertio
525 3931 615 3994 modo
638 3950 697 4010 ea,
719 3949 796 4012 quae
817 3949 856 3992 ex
878 3931 977 3994 causis
998 3933 1109 3994 suisio
1131 3929 1254 3994 rnaleria
1275 3927 1342 3992 ior-

301 4038 389 4110 mata,
410 4036 441 4097 in
463 4033 647 4114 temporibus
668 4040 699 4095 et
720 4032 795 4094 locis
816 4038 963 4114 generata
988 4038 1230 4115 cognoscuntur,
1262 4049 1341 4112 qua-
