2940 4710
620 261 828 390 ,Lu-

175 449 241 525 eet,
257 463 320 507 non
337 439 439 507 solum
452 439 655 524 peccantibus
668 433 842 518 consulere,
861 453 965 502 rerem
983 423 1076 502 etiam
1089 433 1197 524 lo'psos
1212 439 1275 504 eri-

174 569 258 630 gere,
273 554 305 612 ct
318 541 457 634 propriis
472 549 612 630 privatos
629 543 779 628 gradibus
794 551 955 626 reparatae
969 543 1134 626 dignitatis
1144 547 1276 627 iusigni-

175 657 235 718 bus
251 655 436 734 informare,
453 659 535 715 utet
550 651 642 714 l’etro
658 649 799 715 solvendi
813 649 914 713 libera
928 650 971 713 sit
983 657 1142 733 potestas,
1162 658 1194 714 et
1210 651 1277 714 llo·

177 779 286 824 manae
305 759 421 844 gloriae
438 760 558 840 ubique·
569 755 685 839 fulgeat
703 754 847 838 dignitas.
870 757 1069 840 Quapropter
1088 757 1146 819 tibi
1162 757 1276 820 Amul·

175 867 255 950 ·pbo,
269 865 416 930 Remeusi
430 866 692 949 Arcbiepiscopo‚
709 860 893 945 quibusdam
909 863 1089 925 excessibus
1103 862 1277 945 ponuueoit

174 971 293 1036 bonore
319 975 442 1056 privato
465 972 628 1035 subvenire
653 966 780 1053 dignum
798 966 960 1047 duximus,
981 975 1018 1030 ut
1032 970 1105 1050 quia
1117 976 1173 1034 tua
1187 969 1277 1034 obdi-

177 1080 259 1140 catio
272 1077 412 1142 Romano
438 1096 569 1139 usnemu
585 1078 704 1155 caruit,
733 1074 890 1137 llomanae
915 1075 1044 1157 quietatis
1063 1095 1189 1139 munere
1208 1095 1277 1138 ore·

173 1181 259 1245 daris
283 1202 379 1266 posse
400 1183 552 1267 reparari.
582 1183 643 1245 list
664 1181 746 1244 enim
762 1180 853 1243 Petro
874 1199 910 1241 ea
926 1197 1045 1242 summa
1061 1181 1214 1260 incultas,
1235 1181 1276 1246 eol

172 1285 267 1370 quam
282 1287 367 1351 nulla
383 1289 559 1352 mortalium
576 1289 770 1370 aequiparari
784 1286 885 1350 valeat
899 1285 1046 1350 felicitas.
1068 1287 1274 1352 concedimus

174 1415 250 1476 ergo
269 1414 327 1478 per
346 1395 442 1480 liujus
461 1395 619 1479 privilegii
639 1395 742 1458 nostrl
758 1398 892 1475 statuta,
911 1395 970 1457 tibi
985 1391 1095 1458 baculo
1114 1399 1146 1456 et
1160 1391 1275 1456 annulo

172 1491 609 1584 redditis,'drcbiepiscoqiali
627 1501 729 1563 officio
747 1499 854 1580 iungi,
881 1505 913 1562 et
929 1502 1072 1563 omnibus
1089 1501 1276 1582 insignibus,

173 1627 376 1689 quaecunque
402 1605 441 1669 od
464 1603 588 1669 selectae
601 1605 798 1688 metropolim
813 1605 978 1670 llemeusis
995 1596 1158 1670 Ecclesiae
1169 1608 1275 1689 ipertla

172 1721 260 1792 nent,
272 1710 368 1776 solito
384 1732 472 1776 more
486 1713 617 1797 pertrui.
635 1711 734 1775 Pallio
751 1711 1002 1776 solemnitatibus
1020 1715 1147 1776 statutis
1163 1714 1275 1792 utaris,

172 1819 420 1884 benedictionem
437 1820 556 1902 llegnm
572 1821 762 1883 Francorum
780 1825 813 1881 et
827 1820 888 1881 tibi
909 1820 1120 1901 subjectorum
1140 1820 1274 1901 Episco-

170 1945 281 2008 porum
296 1928 458 2007 obtineas,
480 1934 511 1990 et
537 1945 626 1988 omne
644 1927 869 2006 magisterium,
891 1923 974 2005 quod
994 1927 1041 1986 tul
1056 1931 1270 1988 antecessores

168 2030 393 2104 babuisserlsi
409 2039 493 2112 sunt,
505 2039 614 2095 nostra
630 2032 816 2094 auctoritate
828 2027 1011 2113 Apostolicn
1025 2049 1125 2112 geras.
1147 2031 1272 2092 Praeci-

166 2141 271 2222 pimus
294 2137 397 2218 etiam,
413 2145 454 2202 ‚ut
464 2136 572 2201 nullus
597 2137 772 2200 mortalium
787 2115 823 2198 in*
839 2136 983 2219 Sycurio,
1003 2137 1106 2199 autin
1124 2147 1273 2218 quacum-

168 2263 230 2328 que
251 2249 340 2328 perte
360 2245 565 2308 abdicationis
581 2252 653 2307 tuae
670 2246 785 2306 crimen
801 2244 859 2306 tibi
874 2242 1094 2326 quoquomodo
1111 2262 1272 2326 opponere

164 2358 357 2436 praesumat,
371 2350 420 2414 rel
436 2353 495 2413 bae
513 2355 675 2414 occasione
692 2353 725 2413 in
734 2351 917 2434 improperii
934 2355 1044 2411 contre
1057 2354 1089 2410 te
1106 2351 1201 2411 rerba
1212 2367 1270 2414 ex-

167 2457 329 2532 ardescat;
347 2456 403 2520 sed
417 2465 525 2521 nostm
543 2464 575 2520 te
593 2457 706 2537 ubique
726 2457 896 2519 auctoritas
912 2456 1043 2533 muniat,
1055 2455 1178 2518 etiamsi
1195 2474 1271 2517 con·

165 2566 317 2628 scientiae
333 2571 437 2627 reatus
450 2571 603 2627 accurrat.
642 2564 866 2626 confirmamus
890 2563 1020 2644 insuper
1033 2563 1092 2624 tibi
1109 2568 1141 2623 et
1157 2581 1268 2624 couce-

165 2667 268 2733 dimus
290 2653 603 2755 drcblepiscopat'um
617 2670 801 2732 llemeusem
823 2670 856 2731 in
880 2669 1053 2750 integrum,
1075 2689 1145 2732 eum
1163 2670 1264 2732 omni·
1343 2680 1348 2694 “

165 2776 224 2840 bns
242 2777 485 2860 episcopatibus
507 2779 569 2841 sibi
586 2777 755 2860 subjectis,
777 2795 833 2840 seu
855 2795 926 2839 cum
944 2778 1089 2839 omnibus
1107 2775 1267 2838 Monasto·

164 2883 242 2960 riis,
261 2881 427 2965 plebibus,
448 2883 550 2947 titulis
574 2891 607 2948 et
629 2879 786 2966 depellis,
807 2890 900 2965 utque
923 2885 1084 2960 cortibus,
1114 2877 1265 2959 cautellls,

165 2985 266 3069 villis,
283 2987 422 3066 salibus,
435 2998 548 3054 etcum
568 2992 710 3053 omuibus
725 2989 820 3051 rebus
835 2988 876 3050 ad
892 2986 1066 3052 Ecclesiam
1080 2987 1266 3048 blemensem

166 3098 413 3178 pertinentibus,
443 3095 528 3160 sairo
562 3103 594 3159 et
614 3095 787 3159 inviolabili
817 3099 1001 3157 testamento
1023 3094 1106 3156 beati
1131 3070 1266 3170 Remigii

164 3203 354 3265 Francorum
368 3203 522 3286 Apostoli.
547 3199 727 3266 Statuentes
743 3201 924 3284 Apostoiica
943 3219 1075 3262 censura
1091 3199 1150 3261 rub
1167 3195 1265 3259 divini

158 3307 272 3391 judicii
291 3310 497 3373 obtestatione
524 3315 556 3371 et
577 3309 780 3370 anathematis
804 3307 1034 3385 interdictione,
1054 3312 1090 3368 ut
1108 3303 1187 3368 nulli
1203 3323 1261 3367 uu-

162 3434 252 3496 quam
276 3421 454 3478 nostrorum
477 3434 692 3480 successorum
711 3415 915 3492 Pontificum,
936 3412 986 3476 rel
1007 3412 1086 3475 aliae
1105 3411 1263 3496 quaelibet

169 3539 296 3602 magnae
321 3541 496 3605 parvaeque
515 3540 668 3605 personae
691 3521 752 3582 boc
775 3521 916 3582 nostrum
941 3519 1136 3602 privilegium
1157 3519 1268 3583 inirin-

166 3647 239 3708 gere
252 3627 356 3690 liceat.
379 3629 414 3691 Sl
431 3631 600 3710 quievero,
617 3624 701 3708 quod
719 3627 818 3705 absit,
838 3629 898 3690 boc
918 3627 1090 3688 Romanum
1109 3625 1266 3690 decretum

162 3733 278 3796 violare
299 3738 484 3816 tentaverit,
511 3735 674 3816 anatliema
697 3735 750 3796 ult.
789 3735 903 3812 (liucb.
926 3735 963 3798 ll.
986 3731 1066 3810 84³3
1094 3736 1218 3797 adnot.
1245 3735 1264 3798 1

162 3859 194 3924 p.
211 3841 304 3914 133.)

244 3947 386 4030 Remigio
402 3949 558 4012 Mouecbo
578 3947 767 4010 Trevirensi.
817 3948 899 4012 liene
921 3949 1048 4031 quidem
1062 3945 1262 4012 intellexistis

162 4049 200 4114 de
225 4072 353 4122 numero
377 4055 414 4130 13
446 4074 507 4136 quo
529 4053 621 4138 modo
642 4055 793 4137 seipsum
816 4057 971 4120 metiatur.
1004 4051 1110 4119 Semel
1126 4073 1259 4135 namque

162 4178 261 4242 uuus,
288 4181 367 4228 unus
385 4169 444 4242 est,
464 4161 521 4226 sed
541 4181 604 4228 nou
620 4161 737 4228 idcirco
751 4163 851 4244 omuis
865 4181 1013 4248 uumerus
1027 4183 1060 4228 se
1078 4163 1182 4246 ipsum
1197 4179 1262 4236 mc·
