2938 4716
226 331 237 359 ³
268 339 317 417 ‘aa

278 522 354 599 tius,
385 537 472 600 quem
493 524 523 580 et
543 519 637 599 ipsum
656 519 738 582 Seotl
759 519 912 598 aequalem
935 525 966 582 et
984 537 1023 581 err
1046 524 1143 582 arnico
1165 520 1312 582 adversa.

277 621 351 688 tium
374 619 482 680 lactum
506 636 575 681 esse
600 618 775 697 audivimus,
804 635 861 698 quo
882 619 950 681 loeo
971 620 1009 680 de
1030 619 1170 680 Hibernia
1191 626 1223 680 nt
1244 619 1313 681 ttri-

278 736 377 802 genae
398 719 540 800 magistra
564 718 757 798 loquiano),
781 725 863 780 certo
882 720 970 782 etiarn
992 718 1124 781 Orientis
1146 725 1195 781 aut
1215 719 1311 782 Grae.

278 821 345 883 aiae
368 821 547 882 mentionem
568 818 730 896 iniecisset,
752 819 820 880 dum
843 820 1003 901 quidquam
1024 821 1062 881 de
1080 819 1126 882 bis
1144 820 1313 900 comperis-

276 925 333 982 set.
374 919 439 981 lluo
469 917 604 998 aceedit,
638 917 720 998 quod
743 918 839 982 nullus
860 921 982 982 omnino
1004 939 1042 982 ex
1060 921 1210 1002 Erigenae
1234 921 1311 982 sari·-

276 1021 334 1102 ptis
354 1019 440 1082 loeus
460 1017 560 1081 afferri
582 1025 695 1108 potest,
729 1020 780 1082 ubi
809 1022 873 1100 ipso
904 1023 953 1083 dai
974 1023 1085 1084 exteris
1118 1019 1311 1104 philosophis,

154 1137 160 1168 t
277 1119 449 1200 quibusdum
471 1136 573 1181 eoram
587 1119 644 1181 sibi
666 1120 855 1201 colloquendi
880 1121 1003 1184 lacultas
1024 1120 1122 1199 luerit,
1143 1137 1311 1182 sennonem

278 1219 386 1295 iaciat,
420 1226 470 1282 aut
490 1218 575 1282 ullius
595 1222 844 1302 peregrinationis
865 1221 1029 1284 studiorum
1050 1239 1140 1284 causa
1155 1228 1311 1302 susceptae

277 1319 464 1396 meminerit;
484 1337 572 1400 quum
594 1337 712 1400 semper
732 1338 787 1383 eos
809 1329 949 1384 auctores
971 1321 1097 1402 alleget,
1127 1339 1252 1402 quorum
1273 1322 1311 1382 li-

278 1418 352 1479 bros
373 1419 404 1480 in
425 1417 568 1480 Hibernia
590 1425 640 1481 aut
661 1419 692 1481 ia
713 1419 806 1482 Gallia
827 1427 970 1483 exentera
1002 1423 1104 1500 potuit.
1147 1419 1225 1494 Quid
1247 1421 1315 1484 ¹de-·

279 1518 369 1598 nique
399 1517 449 1580 illa
478 1524 652 1598 tempestate
672 1519 721 1581 vel
741 1521 773 1582 in
797 1521 924 1583 Graecia
945 1521 1101 1584 doctrinae
1122 1523 1235 1600 acquiri
1255 1538 1312 1601 po-

207 1635 213 1650 ·
279 1619 379 1696 tuerit,
402 1635 464 1680 non
485 1617 587 1680 berete
609 1619 819 1699 intelligimus:
851 1637 889 1680 ne
920 1621 961 1683 ibi
990 1621 1108 1702 quidem
1131 1620 1312 1701 splendidam

279 1725 339 1780 tum
362 1717 567 1798 philosophiae
588 1719 789 1782 conditionem
809 1723 975 1782 invenimus
997 1744 1065 1783 -a
1091 1721 1226 1784 Athenae
1254 1721 1313 1782 ob·
1420 1711 1433 1736 ‘

92 1911 93 1918 ¹
194 1893 196 1898 ,
279 1821 507 1892 mutuenda).
530 1851 568 1866 -
621 1843 623 1850 >

362 1920 460 1996 Atque
483 1920 559 1980 heac
580 1919 619 1982 de
641 1937 675 1982 re
699 1925 758 1984 tam
782 1919 855 1984 lutili
877 1919 989 1984 dixisse
1009 1917 1154 1984 sufficiat:
1186 1935 1313 2002 progre—
1338 1969 1345 1983 .

281 2018 396 2086 diamur
416 2019 456 2082 ad
476 2018 600 2109 reliqua.

711 2355 809 2435 Caput
830 2355 892 2420 ΠΙ.

366 2511 451 2582 Quae
472 2507 565 2570 luerit
586 2508 671 2570 Seoti
691 2507 823 2574 conditio
846 2509 926 2589 apud
946 2509 1089 2572 Catulum
1106 2513 1233 2574 calvum
1334 2567 1343 2586 ,

367 2683 490 2746 Carolus
512 2685 623 2764 calvus,
646 2705 735 2767 quum
757 2687 856 2762 multa,
887 2705 963 2767 quae
984 2689 1055 2751 boni
1076 2690 1156 2768 rogis
1178 2695 1254 2764 surrt,
1287 2687 1318 2747 ia

284 2803 319 2851 se
341 2784 538 2854 desiderande
561 2787 685 2864 laceret,
706 2789 831 2867 optimas
849 2773 1055 2862 'tamena'rtos
1078 2795 1233 2870 propteroa
1256 2802 1317 2852 nou

285 2886 426 2967 neglexit.
469 2885 575 2949 Erious
598 2887 716 2968 quidem
735 2888 1006 2965 Altissiodorensis,
1029 2892 1076 2971 qui
1101 2891 1164 2952 eius
1185 2887 1318 2970 aequalis

288 2985 352 3063 luit,
372 2989 494 3051 summis
513 3005 581 3052 eum
600 2987 658 3049 hae
683 2988 720 3049 de
742 3008 775 3050 re
797 2990 933 3053 laudibus
958 2997 1058 3053 uniat:
1089 3008 1145 3050 nee
1166 2994 1232 3066 ast,
1267 3003 1319 3048 cur

286 3086 372 3158 huius
393 3087 542 3162 laudibus,
572 3089 627 3152 etsi
650 3088 679 3156 ia
703 3090 839 3170 epistola,
873 3092 1024 3170 adipsum
1047 3091 1181 3152 Carnium
1204 3089 1318 3156 calvum

286 3189 418 3268 scripta,
440 3190 647 3264 continentur,
677 3206 859 3271 magnopere
883 3191 1019 3268 diffidas,
1048 3199 1205 3270 propterea
1227 3188 1319 3268 quod,

256 3305 257 3310 ¹
288 3289 395 3368 quibus
416 3287 526 3356 tirmari
549 3295 669 3376 queant,
699 3293 771 3358 satis
795 3290 884 3357 multa
905 3291 1096 3367 babemus1),
1130 3289 1202 3385 ἸΙΙο
1232 3289 1319 3370 igitur

289 3457 627 3471 w

385 3534 464 3586 nobis
492 3537 669 3598 dubitationis
696 3539 753 3594 dari
780 3529 887 3612 puteat,
922 3541 951 3599 iu
979 3539 1123 3593 Graecia
1151 3555 1212 3592 eum
1236 3536 1320 3592 luisse

388 3624 555 3690 negantibus.

324 3725 372 3793 37)
393 3727 428 3778 cl'.
447 3743 527 3796 supra
547 3744 603 3799 cap.
625 3731 659 3792 ll,
674 3739 732 3781 not.
750 3731 793 3782 25.

326 3827 374 3895 38)
395 3829 429 3881 cl.
449 3831 571 3884 Brucker.
592 3833 640 3889 l.l.
661 3850 687 3903 p.
707 3829 767 3883 615.

329 3934 358 4000 1)
379 3933 412 3985 el.
431 3906 643 3988 Stoudenmaier.
666 3937 683 3987 l.
698 3935 717 3984 l.
736 3952 762 4005 p.
784 3934 934 3998 tot-159,
959 3935 1006 4004 qui
1035 3935 1174 3986 marianam
1202 3937 1322 3990 testima-

392 4020 498 4078 uiorum
516 4023 621 4082 turbam
640 4022 759 4095 undique
778 4023 919 4092 congessit.
940 4053 972 4072 -v
1002 4026 1032 4076 lu
1061 4021 1112 4076 hou
1138 4031 1226 4080 aulem
1255 4021 1324 4080 lirici¹
