2938 4716
1195 361 1216 424 3

178 547 340 628 collucet,
374 545 453 606 hanc
488 541 704 606 occidentalem
738 541 867 623 Angllae
897 557 996 617 oram,
1030 543 1077 604 coi
1106 559 1216 604 nomen

178 647 315 722 Walliae,
340 646 447 726 quippe
468 645 660 724 quaeScolis,
680 644 761 724 genti
786 649 843 704 tom
866 643 1015 720 inquietae
1039 649 1070 704 et
1089 642 1217 706 bellico-

178 763 231 808 sae
245 753 334 826 atque
346 746 404 807 iarn
417 751 486 806 onte
503 745 647 806 Cinctum
663 749 761 804 natum
777 741 957 810 Hiberniam¹
969 741 1121 818 incolent,
1143 759 1219 824 pron

178 847 257 908 xime
280 845 457 920 admonent,
479 846 537 906 iarn
558 861 613 924 per
635 842 722 904 muita
751 849 819 904 ante
844 841 983 902 ioannem
1007 849 1139 904 nostrum
1164 861 1217 904 se·

181 947 245 1010 culo
281 947 346 1009 sive
380 945 458 1006 bello
491 947 555 1006 sive
586 943 820 1024 protectionibus
842 961 858 1004 a
881 943 978 1006 Sectis
1001 961 1217 1022 saepenumero

181 1061 348 1108 accessam.
391 1045 494 1123 Neque
516 1043 623 1106 lruslra
645 1043 730 1105 huius
752 1045 796 1104 roi
817 1043 925 1105 indicia
947 1043 1023 1122 apud
1046 1060 1143 1105 rerum
1165 1043 1218 1104 lii-

179 1145 368 1207 lrernicarom
391 1151 530 1206 auctores
555 1149 734 1222 quaeruntur
747 1146 785 1218 ⁷).
827 1143 932 1206 Nonne
960 1150 1056 1206 autem
1089 1161 1236 1212 neccsse.

180 1246 249 1320 luit,
288 1244 340 1307 lali
369 1245 532 1307 occasione
563 1245 664 1307 oblata
696 1245 803 1306 Scotos
832 1245 967 1306 homines
1001 1245 1050 1306 hio
1084 1245 1143 1308 illic
1165 1261 1218 1325 per

180 1344 319 1406 Woltiam
341 1361 497 1406 remanere
520 1344 635 1425 sibique
657 1343 838 1405 domicilium
861 1345 1069 1406 constituere?
1101 1342 1217 1407 Deinde

182 1447 247 1506 sine
267 1445 326 1507 ulla
348 1445 531 1507 dubitatione
552 1451 715 1524 temporum
735 1443 863 1506 decursu
885 1444 994 1506 lactum
1018 1449 1081 1521 cst,
1112 1450 1144 1506 ut
1164 1443 1216 1505 Pi-

180 1555 295 1608 ctorum
315 1563 391 1628 gens
414 1564 432 1606 e
455 1547 556 1608 Scolia
578 1545 713 1626 prolecta
735 1545 764 1607 in
789 1544 951 1607 Wallorum
975 1544 1080 1608 linibus
1102 1561 1216 1606 conse-

179 1645 267 1724 derit,
288 1663 403 1727 eosque
427 1647 520 1724 ipsos,
540 1646 589 1726 qui
611 1646 699 1706 etiem
721 1663 799 1708 nunc
820 1652 896 1723 sunt,
931 1645 1043 1708 Wollos
1063 1661 1216 1727 progene-

177 1747 290 1808 rarerit
303 1751 344 1823 ὓ).
388 1745 481 1819 Quum
505 1761 597 1823 vero,
627 1744 696 1806 lruic
716 1745 861 1808 Pictorum
881 1747 963 1828 genti
984 1747 1092 1808 Scotos
1122 1744 1215 1808 luisse

179 1847 455 1924 coniunctissimos,
486 1844 619 1925 lidosqoc
636 1863 670 1906 se
693 1846 748 1926 ipsi
769 1845 921 1910 addidisse
943 1845 1215 1927 peregrinationum

176 1946 382 2027 bellorumque
403 1945 517 2023 socios,
538 1963 577 2008 ex
596 1944 805 2009 historicorum
826 1945 909 2009 libris
934 1947 1104 2022 consueti),
1132 1950 1214 2006 certe

177 2049 307 2112 dubitari
342 2067 402 2111 non
435 2055 550 2130 potest,
585 2051 654 2130 quin
685 2067 744 2112 una
775 2068 840 2111 cunr
861 2049 948 2111 Pictis
968 2047 1057 2110 etiarn
1079 2047 1160 2110 Scoti
1184 2047 1214 2108 in

175 2149 286 2212 Wallia
308 2150 487 2212 incoluerint
506 2156 594 2230 atque
615 2157 772 2230 praetcrea
794 2157 911 2212 retento
932 2149 1053 2230 proprio
1068 2164 1122 2209 suo
1136 2147 1215 2210 Sco-

178 2257 278 2314 torum
300 2251 420 2313 nornine
442 2253 519 2314 inter
541 2250 637 2313 Pictos
650 2249 856 2314 habitaverint.
878 2251 940 2314 Nec
955 2257 1116 2329 temporum
1137 2249 1215 2310 ratio

174 2351 223 2415 luis
247 2353 357 2414 nostris
378 2353 545 2414 rationibus
565 2350 661 2414 aliona
682 2359 747 2414 est:
770 2352 846 2414 lraec
868 2353 945 2414 enim
969 2350 1045 2412 iacta
1068 2354 1136 2412 sunl
1150 2347 1211 2410 eir.

175 2453 255 2514 citer
272 2451 333 2514 DC.
356 2459 424 2532 post
446 2450 552 2514 Christ
576 2460 636 2514 nat.
666 2471 773 2514 annum
787 2460 845 2528 ¹⁰),
880 2459 910 2514 et
938 2451 1067 2514 loannes
1097 2455 1212 2524 noster,

173 2570 236 2614 non
259 2553 394 2628 mutatis,
425 2559 563 2633 quantum
586 2555 767 2635 reperimus,
798 2571 853 2635 per
874 2569 910 2614 eo
932 2559 1063 2632 tempora
1084 2549 1212 2612 walliae

172 2653 293 2730 incolis,
327 2655 448 2716 circiter
477 2654 584 2717 occo.
616 2661 690 2736 post.
726 2654 833 2716 Christ.
865 2661 925 2715 nat.
953 2671 1059 2715 annum
1082 2653 1112 2714 in
1132 2649 1212 2712 hanc

174 2753 272 2816 locem
298 2761 455 2835 susceptus
475 2760 529 2818 cst.
573 2755 685 2834 Restat,
714 2747 970 2818 etauctoritatem
995 2751 1127 2815 'ihomae
1149 2749 1212 2813 Go-

174 2855 214 2918 ici
235 2855 411 2934 oderamus,
433 2856 500 2938 qui,
521 2857 647 2920 condem
667 2859 821 2920 nobiscum
846 2875 907 2920 rem
932 2856 1131 2939 probaturus,
1163 2851 1212 2915 di-

174 2961 254 3018 serte
277 2957 318 3018 ait
337 2957 466 3034 „Scotos
486 2957 645 3038 aliquando
662 2959 823 3022 wallorum
835 2961 909 3022 lines
922 2973 1087 3038 occupasse
1099 2959 1211 3030 ¹¹J“—

173 3063 205 3118 ut
232 3061 271 3119 sit
301 3057 331 3120 in
361 3056 438 3120 libro
470 3057 620 3122 ecclesiae
650 3060 854 3124 Landavensis
885 3066 916 3122 et
948 3057 1025 3139 apud
1059 3055 1210 3121 Giraldum

173 3156 393 3219 Gambrenscm.

241 3257 368 3332 Quibus
391 3259 430 3320 ita
453 3261 597 3338 expositis
617 3268 749 3342 apparet,
782 3279 872 3343 posse
896 3267 953 3324 torn
976 3259 1051 3336 ilios,
1083 3257 1133 3340 qui
1154 3257 1210 3321 lii-
1280 3335 1282 3340 ,

170 3357 326 3434 herniam,
359 3375 446 3439 quam
480 3359 529 3440 qui
561 3360 690 3424 Scoliam
723 3361 770 3423 vel
802 3361 1046 3448 deniqoelipsam
1070 3359 1208 3443 Angliom

225 3576 254 3643 7)
274 3575 309 3628 ci.
328 3577 351 3630 T
355 3577 427 3628 hom.
446 3577 547 3629 Moorc.
566 3577 584 3629 Ι.
605 3579 622 3630 Ι.

222 3677 253 3746 8)
270 3678 303 3732 cl.
324 3680 423 3734 Thom.
441 3682 542 3734 Moorc.
564 3682 582 3734 l.
604 3683 623 3734 l.

219 3777 251 3848 9)
272 3781 305 3834 cl.
331 3783 428 3840 Tuom.
454 3786 557 3838 Moere-
579 3786 597 3838 l.
625 3788 643 3838 l.
671 3785 735 3856 (hoc
762 3786 821 3860 loco
851 3786 886 3837 cl.
912 3785 1000 3838 liedec
1026 3743 1124 3840 Vener.
1143 3781 1205 3836 bisc

272 3871 367 3924 eccles.
389 3874 474 3942 gentis
494 3874 573 3942 degi.
594 3873 616 3936 l,
638 3875 674 3944 l),
696 3873 745 3928 tlt
763 3893 812 3926 as.
834 3873 893 3936 ¹80,
912 3873 970 3928 27&

210 3973 256 4042 to)
274 3975 307 4028 cl'.
329 3976 427 4030 Thoen.
445 3977 548 4030 dicore.
568 3979 587 4030 l.
607 3980 624 4030 l.

206 4079 251 4148 ΙΙ)
272 4081 305 4132 cl.
323 4081 419 4136 Thom.
439 4083 513 4134 Gale.
533 4084 550 4135 l.
569 4083 587 4134 Ι.
