2934 4710
297 337 356 401 192

394 531 479 612 ,lpso
511 521 707 592 irrationabili
740 533 821 591 motu
844 561 881 578 ·-
904 567 943 582 -
967 528 1109 594 bonitatis
1141 519 1336 614 amplitudine

295 633 520 711 eireumseripto
541 637 573 692 et
594 631 710 710 penitus
732 630 900 706 terrainato,
931 629 1149 694 rationabiliter
1169 635 1336 700 seeundum

294 733 399 796 insitas
431 733 487 813 ipsi
521 729 671 793 naturales
714 731 838 792 virtutes
868 729 994 792 bumana
1030 737 1136 794 natura
1166 735 1337 800 movebitur

294 851 421 898 sursum.
439 851 546 895 versus
578 839 697 907 erecta,
717 849 837 894 causam
859 849 942 896 suam
962 849 1081 911 semper
1101 842 1272 914 appetens.l
1295 873 1335 888 -

292 933 346 1013 (ll,
362 933 410 996 ad.
431 933 492 1015 [ed.
513 933 571 996 Ox.
592 951 619 1013 p.
642 931 838 1008 aod-loom
860 932 895 1010 V,
919 933 959 996 98
980 931 1067 1016 [ibid.
1092 951 1120 1013 p.
1143 933 1236 1018 adep

393 1033 475 1096 llaec
512 1049 586 1107 vero
615 1032 698 1095 Sooti
732 1030 847 1108 verba,
876 1039 1084 1111 praeterquam
1114 1033 1194 1114 quod
1215 1049 1337 1096 omnem

295 1137 418 1198 omnino
444 1134 584 1195 malitiam
615 1131 775 1213 aliquando
807 1131 989 1194 defecturam
1020 1131 1050 1194 Ιι.Ι
1081 1151 1109 1198 e.
1140 1151 1337 1214 quaeeunque

295 1251 440 1315 perverse
461 1239 637 1311 moventur,
669 1233 789 1295 badam
815 1239 898 1295 reete
927 1239 1007 1296 rnota
1034 1234 1072 1294 ad
1095 1233 1181 1296 deum
1203 1251 1338 1314 perven-

293 1341 360 1397 tura
380 1351 449 1396 esse
473 1333 665 1408 contendunt,
689 1349 727 1402 eo
750 1333 826 1413 ipso,
848 1334 939 1414 quod,
964 1350 1159 1415 quaeeunque
1190 1352 1336 1415 perverso

295 1443 377 1499 motu
400 1433 571 1516 indulgent,
593 1433 667 1496 solis
698 1434 828 1496 lortasse
859 1433 1101 1511 ,daemoniosa
1122 1441 1154 1498 ut
1174 1434 1233 1497 alio
1256 1447 1338 1518 quo-

294 1537 364 1598 dam
384 1535 455 1598 looo
478 1534 530 1611 (ll,
550 1533 618 1610 31.)
653 1534 820 1614 reperitur,
852 1536 998 1614 exeeptis,
1030 1536 1070 1598 ad
1099 1541 1213 1598 reabrrn
1246 1536 1336 1598 linern

294 1635 427 1700 reditura
458 1634 624 1711 allirrnant,
658 1635 845 1714 apertissime
875 1641 905 1696 et
937 1635 996 1698 boo
1033 1637 1162 1716 docent,
1197 1639 1336 1712 homines

294 1738 383 1800 etlam
417 1736 539 1813 invitos,
576 1735 684 1798 nedum
715 1751 776 1798 non
811 1736 958 1814 volentes,
982 1735 1021 1798 de
1042 1738 1247 1816 perversitatis
1271 1745 1338 1800 tra·

294 1839 365 1900 mite
388 1837 514 1898 abactos
536 1836 575 1898 ad
599 1853 702 1898 verum
722 1853 806 1898 suum
827 1836 915 1898 linem
938 1843 1075 1899 eoactum
1098 1838 1145 1899 irl.
1189 1837 1255 1899 lloo
1276 1855 1352 1902 au-·

291 1945 354 2001 tem
377 1953 545 2013 concesso,
580 1937 646 2017 quis
678 1938 707 1999 in
733 1939 857 2016 uirtute,
879 1953 966 2017 quam
988 1953 1141 2014 voramus,
1164 1937 1338 2002 exercenda

292 2038 380 2102 loeus
408 2037 583 2118 relinquitur
615 2035 769 2100 libertati?
790 2061 830 2086 ·-
853 2038 916 2100 Neo
949 2043 1048 2099 tamen
1077 2037 1208 2118 Erigena
1228 2038 1337 2118 quibus

295 2138 346 2200 ille
368 2139 465 2200 bisin
499 2139 592 2202 rebus
627 2137 760 2200 artificiis
792 2136 920 2214 excellit,
942 2115 1076 2214 omnino,
1097 2145 1129 2199 nt
1149 2137 1276 2212 videtur,
1298 2139 1337 2200 ad

295 2240 403 2302 incitas
436 2244 519 2302 esset
547 2236 698 2300 redactus.
749 2237 814 2310 Quo
838 2255 873 2300 se
896 2237 1026 2299 sortasse
1047 2245 1136 2316 paeto
1158 2237 1337 2318 expedierit,

296 2339 368 2402 lieet
401 2355 499 2419 neque
530 2338 589 2400 hae
620 2355 655 2399 re
684 2339 883 2418 gravissimos
914 2355 1036 2400 errores
1070 2337 1205 2420 ellugere
1236 2347 1337 2419 queat,

294 2440 399 2520 paucis
421 2440 585 2502 interiectis
601 2438 773 2502 ridebimus
796 2439 851 2514 (el.
874 2445 902 2512 s.
925 2439 976 2514 57,
1000 2438 1030 2500 Β.
1055 2437 1104 2516 lll,
1129 2439 1185 2514 b.).

306 2567 309 2576 ’
376 2538 411 2601 ll.
454 2539 547 2602 Finita
580 2547 677 2602 autem
707 2540 787 2600 orani
819 2538 929 2602 malitia
964 2545 1052 2619 atque
1080 2541 1247 2620 impietate,
1270 2539 1337 2622 quis

295 2639 461 2702 remanebit
483 2639 576 2702 malus
601 2648 651 2703 aut
681 2641 813 2720 impius?
845 2679 885 2689 -
907 2639 976 2704 Sola
1011 2642 1090 2702 enim
1115 2641 1224 2702 malitia
1247 2648 1337 2722 atquo

295 2741 446 2818 impietate
478 2748 546 2802 sunl
583 2748 613 2802 et
644 2742 712 2804 mall
737 2749 767 2804 et
787 2742 876 2821 impii.
905 2740 1042 2813 -Ouodsi
1063 2743 1163 2804 omnia
1184 2742 1214 2803 in
1237 2742 1337 2828 delum,

295 2857 383 2920 quern
418 2841 575 2920 peccando
609 2840 782 2916 deseruere,
817 2847 885 2904 suut
920 2841 1067 2917 reditura,
1101 2857 1202 2902 nonne
1223 2859 1337 2904 eonse-

295 2957 390 3021 quens
412 2942 478 3016 erit,
501 2941 608 3004 nullam
631 2943 785 3022 implorum
810 2959 952 3022 poenam,
972 2941 1081 3004 nullam
1105 2949 1258 3005 aeternam
1278 2944 1337 3005 ini.

296 3042 395 3104 seriae
417 3049 542 3104 mortem
565 3043 795 3104 remansuram?
816 3079 857 3090 -
881 3043 956 3104 llino
980 3057 1054 3104 vero
1077 3061 1210 3106 summae
1229 3045 1338 3106 oriun-

297 3147 346 3204 tur
367 3141 568 3204 dillieultetes.
626 3143 681 3206 Ubi
713 3144 792 3204 enirn
828 3144 885 3205 erit
917 3144 1091 3223 supplicium
1114 3149 1285 3219 aeternum,
1307 3145 1337 3206 in

296 3241 376 3320 quod
399 3243 466 3303 ituri
504 3249 571 3304 sunt
601 3243 708 3323 impii?
727 3277 768 3292 -
790 3242 844 3308 Ubi
880 3245 937 3306 erit
959 3249 1061 3306 aestus
1082 3242 1131 3305 ille
1155 3243 1337 3306 flammarum

296 3341 376 3423 ignis
399 3345 533 3420 aeterni,
566 3344 596 3404 in
628 3361 715 3424 quem
742 3346 889 3406 severitas
923 3345 1076 3406 iustissimi
1106 3344 1214 3406 iudicis
1243 3345 1338 3406 rnalos

297 3449 344 3503 est
364 3443 492 3506 missura
520 3444 648 3506 dioens:
680 3445 758 3524 „lte
778 3444 928 3507 maledicti
950 3445 981 3506 in
1002 3446 1102 3525 ignem
1123 3447 1337 3513 aeternum?““

297 3579 335 3590 ““
362 3542 416 3618 (va
440 3551 508 3618 Ἠ)

319 3693 320 3696 ,
396 3643 503 3704 Scelus
534 3643 611 3705 bane
636 3661 699 3706 rem
725 3646 764 3706 ita
786 3645 922 3726 coniicit,
942 3651 974 3706 ut
995 3644 1032 3707 ad
1056 3644 1130 3707 duas
1151 3645 1337 3727 potissimum

298 3746 491 3824 quaestiones
521 3746 720 3825 respondeat:
754 3746 855 3826 ,Quae
882 3753 970 3808 erunt
992 3746 1158 3828 poenaeue
1179 3737 1254 3827 ,Qui
1280 3766 1336 3828 pu-

299 3843 512 3906 nmmss-

394 3943 442 4006 lll.
486 3963 513 4006 a.
554 3945 639 4020 Quae
660 3953 749 4009 erunt
769 3948 894 4027 poena?
916 3981 956 3996 -

401 4045 562 4124 ,Diversus
592 4047 803 4128 suppliciorum
836 4047 949 4112 formas
979 4063 1078 4128 nequa
1097 4048 1127 4112 in
1150 4046 1219 4110 loco
1239 4059 1337 4126 neque
