2940 4710
687 293 750 362 213

621 379 830 398 -u—-a-n

169 443 354 513 adulescens
377 445 489 526 didici,
513 447 639 530 juvenis
662 447 772 508 amisi:
795 453 828 509 et
852 465 931 528 quae
949 443 1076 532 juvenis
1093 440 1269 538 concupivi,

165 541 264 618 ¹sesses
287 557 469 638 contempsi.
498 551 593 617 Tales
617 553 738 616 noetus
756 553 850 616 aliero
866 555 952 617 mihi.
975 554 1181 641 0volnptast
1197 557 1273 622 tall's

169 661 278 748 munli
301 663 436 726 honores
456 661 585 743 pariunt
596 657 718 738 gaudia.
741 657 866 744 Credite
879 679 952 742 orgo
967 662 1045 724 mihi
1060 669 1204 746 experto:
1238 665 1274 727 in

169 777 319 848 quantum
343 767 503 848 Principes
531 767 669 826 exterius
690 763 807 827 attollit
827 765 944 846 gioria,
964 769 998 829 in
1017 773 1138 830 tautum
1153 767 1275 833 orucia-

163 857 484 953 'sussngisiaterius
511 867 1123 957 muen.11.838;sinos1p.105.)
1301 956 1304 964 1

172 1007 174 1012 ·
258 978 298 1040 (i.
315 976 579 1059 Philosophorum
593 976 805 1058 peritissimo,
827 983 919 1060 atque
935 959 1038 1044 tribus
1054 969 1277 1064 filosophus
1372 1003 1379 1034 x,

172 1085 317 1166 partibus
332 1081 490 1160 laureato,
512 1081 588 1142 0tto
603 1081 685 1160 quui
704 1078 806 1145 sihi!
828 1086 1069 1151 Amantisslmae
1084 1093 1207 1152 rosnae
1225 1085 1277 1148 ill·

169 1185 316 1252 leotlouis
331 1190 475 1250 omuibus
491 1187 698 1250 venerantiam
713 1191 805 1252 nobis
823 1189 950 1274 adiungi
965 1189 1108 1256 volumus
1125 1189 1278 1255 excelleu-

171 1295 269 1374 tiam,
292 1301 323 1358 et
346 1295 427 1358 tanti
444 1294 568 1377 patroni
584 1296 803 1376 sempiternam
817 1299 980 1360 nobiseum
999 1297 1202 1364 stabilitatem
1222 1297 1277 1360 asl-

173 1407 328 1484 optamus,
342 1403 414 1482 quia
431 1407 553 1462 restrae
569 1399 727 1463 leoninae
741 1399 944 1485 'disciplinata
960 1407 1134 1489 prooerItas
1152 1409 1278 1468 nostrae

174 1507 369 1591 simplicitati
398 1527 521 1591 semper
542 1508 602 1569 nus
628 1506 713 1568 haud
735 1508 899 1573 fastidiens
918 1512 1099 1573 auotoritas.
1133 1510 1278 1574 Attamen

175 1621 212 1678 nt
242 1616 328 1676 omui
363 1614 490 1694 ambage
534 1611 652 1676 dimota
689 1613 790 1676 nudae
820 1617 960 1679 veritatis
982 1615 1122 1678 fiusmm
1143 1613 1280 1697 loquela,

172 1720 445 1806 judicationem
469 1721 591 1800 firmum
610 1717 842 1803 disposuimus,
865 1727 900 1785 ut
917 1721 1006 1783 vohis
1027 1721 1279 1786 msuiiestetime

174 1833 301 1889 nostrae
328 1825 499 1888 voluntatis
522 1826 684 1906 Epistola,
716 1827 800 1907 puori
819 1828 852 1888 iu
875 1828 935 1889 hae
961 1846 995 1888 re
1012 1844 1132 1889 summa
1150 1835 1277 1890 nostrae
1309 1841 1313 1852 ¹

179 1932 360 2014 adoptionis
376 1939 409 1994 et
420 1928 620 2012 singularitas
638 1939 686 1995 est
700 1934 878 2015 petitionis,
900 1937 1052 2012 quatenus
1067 1935 1159 2015 pubis
1170 1933 1280 1996 indoe-

48 2033 52 2040 ’
170 2039 221 2128 ιιι
248 2043 281 2098 et
306 2037 385 2100 male
402 2035 631 2119 disciplinatis,
647 2046 750 2102 vestm
765 2037 866 2103 solers
879 2037 1076 2122 providentia
1092 2041 1125 2100 in
1142 2040 1281 2122 seriptis,

171 2141 234 2208 'uec
249 2162 311 2205 nou
329 2143 489 2222 stilletis,
509 2161 571 2204 non
590 2150 714 2227 praeter
730 2143 857 2209 solitum
874 2145 1022 2208 adtribuat
1045 2144 1183 2208 studium
1209 2164 1279 2207 eor-

175 2251 324 2313 seotionis
341 2258 373 2312 et
387 2253 420 2313 iu
435 2249 608 2332 Republica
622 2249 786 2314 eonsilium
799 2271 938 2314 summae
951 2246 1154 2314 fidelitatis!
1177 2250 1280 2333 liujus

171 2335 252 2438 ⁴ergo
269 2365 395 2422 nostrae
419 2355 589 2420 voluntatis
606 2359 637 2418 iu
655 2377 717 2420 nou
731 2355 871 2440 negantia
887 2359 1116 2435 insinuatione,
1136 2357 1279 2420 volumus

176 2479 234 2525 sos
248 2463 432 2528 Soxouieam
442 2465 650 2526 rusticitatem
668 2464 846 2544 abhorrere,
863 2463 919 2529 sesi
937 2464 1281 2526 Gmeoisoamuostram

176 2571 382 2637 subtilitatem
399 2569 446 2632 ad
472 2569 626 2634 tristanti
652 2571 751 2650 magis
777 2584 963 2651 provocare:
1004 2571 1150 2652 quonlam
1174 2570 1203 2630 si
1220 2574 1281 2648 est,

178 2679 232 2757 qui
247 2681 380 2740 suscitet
397 2675 503 2755 tllam,
525 2675 609 2758 apul
624 2695 681 2738 uos
705 2677 879 2739 invenietur
898 2677 1089 2741 Graecorum
1106 2675 1279 2738 industrias

176 2781 280 2865 aliqua
296 2783 442 2846 scintilla.
464 2784 562 2866 Cujus
579 2785 627 2846 rei
641 2783 760 2863 gratia,
778 2784 852 2847 isulo‘
869 2791 979 2848 nostro
996 2781 1132 2866 igniculo
1156 2787 1279 2845 vestrae

176 2891 327 2952 selemias
348 2891 470 2954 tiammo
486 2889 679 2953 abundanter
692 2891 855 2974 apposita,
876 2889 987 2953 humili
1011 2907 1104 2971 prees
1135 2885 1281 2969 deposui-

177 3013 265 3074 mus,
287 3001 323 3057 ut
345 2997 535 3060 Graecorum
566 2999 655 3060 vivax
674 2999 832 3078 ingenium
860 2997 927 3060 ileo
950 2995 1093 3080 adjutore
1108 2991 1280 3069 suscitetis,
1319 2986 1322 2996 ’

177 3105 209 3160 et
229 3119 287 3163 uos
307 3102 528 3166 Arithmetloae
558 3101 673 3166 librum
695 3105 872 3183 edoceatis,
909 3109 945 3166 ut
972 3103 1108 3185 pleniter
1133 3101 1202 3181 ejus
1229 3097 1279 3157 iu-

175 3208 288 3268 strueti
320 3207 511 3290 (insumentis
538 3207 654 3290 aliquid
680 3212 821 3291 priorum
841 3207 1051 3290 intelligamus
1078 3205 1275 3274 subtilitatis.

177 3312 261 3390 Quid
279 3321 387 3384 autem
406 3314 445 3379 sle
469 3317 528 3380 irae
552 3335 587 3378 re
602 3317 854 3399 subiungendum
871 3315 1010 3399 placeat,
1033 3313 1146 3396 quidve
1164 3309 1278 3395 dupla

178 3427 265 3498 seat,
292 3428 394 3486 vest'ra
426 3423 596 3505 paternitas
624 3422 741 3486 litteris
773 3425 863 3489 uobis
890 3425 1034 3488 nuntiare
1057 3440 1121 3484 nou
1145 3418 1280 3482 differet.

177 3525 296 3590 valete.
319 3529 434 3594 Versus
449 3548 605 3610 uunquam
620 3533 797 3612 composui,
817 3550 876 3594 nee
897 3533 929 3593 iu
946 3529 1052 3592 studio
1069 3529 1185 3606 habui',
1206 3527 1281 3590 dum
1413 3525 1416 3532 ⁴

177 3633 210 3694 iu
241 3653 302 3696 usu
331 3635 486 3711 habuero,
516 3642 549 3699 et
568 3639 601 3700 iu
625 3637 670 3699 eis
684 3639 828 3718 viguero,
850 3642 926 3718 quot
950 3637 1044 3700 labet
1066 3639 1150 3700 viros
1167 3633 1282 3716 Gallia,

180 3745 228 3800 tot
244 3741 333 3804 volsis
355 3743 475 3804 mittam
493 3744 637 3807 earmina.
664 3744 781 3815 (iluoh.
796 3745 835 3806 ii,
851 3741 929 3816 8243
963 3741 1003 3806 asl
1020 3751 1085 3805 uot.
1102 3747 1167 3824 tp.
1186 3739 1279 3814 112.)

255 3845 388 3910 Domino
411 3856 442 3913 et
462 3849 598 3930 glorioso
618 3852 727 3914 ottoni
753 3851 881 3912 Caesari
906 3869 1029 3931 semper
1045 3850 1186 3928 Augusto
1202 3847 1282 3910 (lsr-

180 3952 287 4017 bertus
308 3957 408 4035 gratia
429 3957 487 4019 Dei
503 3957 670 4018 Remorum
694 3957 881 4039 episeopus,
903 3955 1056 4036 quidquid
1075 3960 1164 4017 tento
1182 3955 1282 4036 lmpo-
1347 4005 1349 4012 ,

180 4063 284 4120 ratore
306 4060 443 4142 (liguum.
481 4061 728 4147 supereminenti
751 4061 984 4126 benevolentiae
1011 4069 1149 4138 vestrae,
1171 4079 1231 4141 qua
1251 4061 1281 4120 in

185 4167 406 4248 templternnm
428 4168 512 4252 digni
534 4178 637 4238 vestro
654 4170 830 4253 judicamur
846 4171 1016 4250 obsequio,
1037 4170 1171 4234 tortasse
1191 4165 1283 4244 votis,
