2938 4716
297 331 335 396 18

294 513 391 570 natum
414 505 507 570 videri
538 504 683 583 obimus,
714 523 773 570 nun
804 505 897 570 solum
927 507 1069 572 educatus
1097 526 1199 572 uerum
1229 512 1317 574 olium
1366 497 1367 500 ¹

293 606 424 669 eruditus
444 611 498 668 cst.
539 605 601 667 Neo
623 605 711 667 multo
732 614 834 686 postea
854 606 912 668 hoc
933 607 1040 670 lactum
1060 625 1128 670 esse
1151 617 1275 672 constat.

375 703 725 782 Considerantesautenn,
749 713 887 785 quantam
901 722 999 769 rerunt
1021 709 1134 788 copiam
1157 726 1242 788 quam
1264 726 1319 769 ac.

293 811 394 867 curate
418 805 567 886 cognitam
589 801 724 866 habuerit
744 805 885 886 lingona,
908 807 974 868 sine
993 807 1051 870 ulla
1069 807 1250 870 dubitatione
1265 827 1317 869 re.

292 906 406 967 iicimur
426 904 463 965 ad
487 903 668 978 Hiberniam,
687 922 763 984 quae
784 906 840 968 illis
863 907 1041 987 temporibus
1062 913 1092 969 ct
1110 908 1315 970 florentissima

291 1007 463 1086 optimarum
489 1004 592 1066 artium
615 1006 699 1085 quasi
719 1005 809 1068 sedes
829 1013 946 1084 erat2¹)
966 1015 996 1068 et
1015 1007 1052 1069 ab
1074 1008 1227 1071 innumera
1246 1025 1319 1087 pro-

293 1103 449 1184 pemodum
470 1109 637 1166 exterorum
660 1103 826 1179 hominurn,
858 1108 906 1188 qui
928 1106 964 1170 ad
986 1107 1146 1170 litterarum
1167 1108 1260 1169 studia
1285 1125 1320 1170 se

291 1202 488 1283 applicabant,
512 1203 693 1266 multitudine
707 1206 921 1286 petebatnrv).
954 1207 1113 1270 Hiberniae
1129 1210 1217 1290 igilur
1230 1210 1318 1272 etiarn

291 1305 397 1368 Scotus
422 1309 546 1381 noster,
581 1310 613 1365 ut
634 1306 805 1371 coniectura
836 1306 884 1369 illa
915 1307 1049 1388 quidem,
1082 1315 1113 1370 at
1143 1309 1318 1388 certissima,

169 1419 175 1433 ·
292 1405 411 1483 assequi
432 1421 605 1483 possumus,
628 1404 730 1468 saltem
753 1407 898 1485 politioris
919 1407 1017 1485 illius,
1038 1425 1094 1488 qua
1118 1408 1221 1485 valuit,
1243 1409 1318 1470 doc·

196 1525 197 1530 ¹
292 1505 386 1566 trinae
411 1521 551 1566 summam
582 1503 724 1568 debehat:
746 1505 794 1568 hie
815 1507 923 1570 latinae
947 1514 977 1569 et
997 1511 1178 1589 graecae2³p
1198 1509 1318 1589 linguae
1348 1533 1352 1542 ·

290 1612 501 1687 praeceptores
517 1606 649 1668 nancisci
663 1613 787 1687 poterat,
807 1607 856 1668 hic
875 1607 1016 1671 bonarurn
1034 1610 1148 1688 artium,
1167 1609 1216 1671 hic
1230 1609 1319 1672 theo.

290 1702 390 1788 logice
410 1711 439 1768 et
460 1705 633 1767 nominatim
655 1705 827 1768 dialecticae
848 1705 1041 1787 philosophae
1051 1710 1104 1783 2⁴).

374 1806 456 1868 llaec
487 1805 657 1868 coniectura
687 1808 806 1870 omnino
838 1823 910 1868 vera
940 1823 1009 1869 esso
1030 1807 1198 1870 declaratur
1217 1808 1266 1870 illo
1289 1824 1315 1872 s.

292 1906 452 1985 Prudentih
483 1908 614 1987 episcopi
635 1907 802 1984 Tricassini,
833 1907 910 1984 loco,
942 1924 1026 1988 quern
1049 1925 1136 1989 supra
1159 1910 1318 1986 attulimus,

293 2026 409 2090 quoque
430 2007 478 2070 hio
502 2007 689 2070 doctissimus
709 2009 771 2084 vir,
803 2009 884 2071 Scoti
905 2015 935 2070 et
955 2009 1086 2089 aequalis
1108 2016 1137 2070 et
1160 2027 1198 2070 cx
1218 2010 1315 2070 amico

292 2110 491 2188 adversarius,
516 2109 570 2188 ipsi
580 2111 639 2186 2⁵J:
660 2109 723 2187 „Te
737 2109 829 2170 solum
846 2108 1006 2184 ornuiurn,“
1026 2109 1074 2184 ait,
1097 2109 1315 2186 „acutissimum

294 2211 407 2274 Galliae
431 2209 589 2274 transmisit
610 2209 759 2288 Hibernia,
780 2215 822 2286 ut,
846 2226 920 2288 quae
943 2209 1037 2271 nullus
1057 2210 1168 2289 absque
1188 2216 1216 2273 te
1232 2210 1317 2271 scire

292 2317 420 2392 poterat,
449 2313 506 2373 tuis
526 2309 738 2372 eruditionibus
760 2309 906 2371 obtineret
914 2330 923 2386 3
952 2309 1006 2372 sed
1028 2310 1122 2386 absit,
1153 2316 1184 2372 ut
1206 2310 1315 2372 Celtica

295 2411 461 2490 eloquentia
482 2417 546 2472 tuas
566 2410 763 2474 nubilationes
790 2408 952 2471 admittat.“
979 2447 1020 2458 -
1051 2409 1125 2484 Quid
1160 2409 1218 2472 hoc
1247 2411 1316 2472 loco

295 2511 448 2592 apertius?
467 2511 622 2591 Expressis
643 2509 706 2574 lere
727 2510 837 2586 verbis,
858 2509 1018 2592 Erigeuarn
1038 2510 1067 2572 in
1083 2510 1223 2588 Hibernia
1244 2527 1317 2572 eru-

295 2615 395 2690 ditum,
418 2619 505 2694 alque
526 2613 565 2674 ita
590 2613 619 2673 in
640 2612 762 2675 Galliam
782 2610 945 2694 proiectum
965 2628 1043 2689 esse,
1065 2611 1228 2674 confirmat.

377 2713 508 2774 Diximus
543 2711 632 2774 modo
660 2711 863 2790 „dialecticam
884 2710 1108 2791 philosopham‘
1137 2727 1154 2772 a
1175 2711 1266 2774 Scuto
1286 2710 1316 2772 in

295 2812 433 2876 Hibernia
452 2813 526 2874 disci
546 2812 687 2893 potuisse,
708 2813 800 2892 ipsam
820 2810 1032 2892 philosophiam
1054 2827 1114 2872 non
1135 2826 1318 2874 commemo-

295 2920 405 2990 rantes,
427 2929 512 2992 quum
534 2918 650 2988 tamen,
680 2915 759 2974 utin
783 2913 882 2993 priore
904 2911 989 2974 huius
1012 2911 1115 2992 capitis
1135 2916 1218 2990 parte
1239 2911 1317 2972 ridi.

293 3031 369 3091 mus,
389 3013 476 3075 etiarn
499 3013 577 3074 illius
597 3014 668 3075 satis
685 3015 796 3093 peritus
826 3011 923 3076 fuerit.
945 3050 986 3064 -
1014 3011 1079 3074 Hoc
1109 3011 1178 3073 ideo
1209 3010 1316 3073 lactum

295 3121 351 3192 est,
381 3112 459 3195 quod
483 3113 547 3176 sola
567 3111 614 3175 illa
636 3112 810 3193 dialectica,
841 3112 873 3175 in
897 3131 954 3195 qua
974 3118 1097 3175 externa
1118 3110 1315 3194 Erigenianae

328 3366 375 3433 21)
393 3365 427 3418 cl.
447 3363 544 3416 Thoan.
563 3363 673 3426 Moore„
691 3361 751 3413 hist.
774 3361 833 3414 Hib.
855 3361 915 3414 vol.
933 3363 953 3423 l,
972 3377 1030 3430 esp.
1050 3359 1091 3420 13,
1108 3359 1181 3413 Vers.
1194 3357 1314 3422 Geronl,

394 3469 421 3520 p.
439 3449 586 3503 all-354.
605 3479 639 3490 ·-

328 3553 375 3618 22)
395 3555 428 3606 cl.
448 3555 543 3607 Thom.
563 3557 664 3608 Hloore.
681 3553 729 3605 l.l.
749 3571 774 3624 p.
795 3553 855 3614 351,
873 3551 934 3606 331.

329 3660 375 3724 23)
399 3659 433 3710 cl.
452 3659 546 3710 Titum.
565 3659 665 3716 Moore.
686 3659 725 3709 tl
751 3674 777 3728 p.
797 3656 857 3719 350,
876 3663 912 3717 et,
931 3669 1009 3724 quem
1027 3653 1075 3706 illc
1095 3653 1166 3716 citat,
1181 3652 1267 3704 hiscen.
1287 3653 1314 3702 in

394 3748 471 3816 epist.
494 3745 553 3800 tltb.

330 3850 375 3919 24)
397 3849 430 3900 cl.
447 3849 543 3901 Thoan.
562 3849 662 3901 Moore.
681 3847 699 3897 l.
712 3847 730 3898 l.
749 3864 776 3916 p.
793 3844 854 3898 352.
872 3879 879 3894 .
899 3875 930 3886 -

329 3955 376 4023 25)
393 3954 426 4004 cl.
444 3970 463 4004 s.
483 3951 559 4004 Prud.
580 3950 612 4002 de.
631 3950 759 4021 praedest.
778 3956 867 4001 contra
885 3948 905 4000 l.
928 3949 1034 4001 Scotum
1056 3963 1113 4016 cup.
1134 3943 1174 3995 th.
1204 3945 1313 3997 blasima

393 4040 519 4094 biblioth.
536 4046 587 4090 vet.
606 4047 707 4108 patrum
726 4037 788 4090 edit.
809 4037 927 4106 lugdun.
945 4045 1010 4089 tom·
1029 4035 1082 4099 XV,
1101 4051 1127 4106 p.
1143 4031 1202 4086 534.
1221 4031 1250 4084 E.
1263 4059 1295 4076 -ι
