<?xml version="1.0" encoding="UTF-8"?>
<!DOCTYPE html PUBLIC "-//W3C//DTD XHTML 1.0 Transitional//EN"
    "http://www.w3.org/TR/xhtml1/DTD/xhtml1-transitional.dtd">
<html xmlns="http://www.w3.org/1999/xhtml" xml:lang="en" lang="en">
 <head>
  <title>
</title>
<meta http-equiv="Content-Type" content="text/html;charset=utf-8" />
  <meta name='ocr-system' content='tesseract 3.04.00' />
  <meta name='ocr-capabilities' content='ocr_page ocr_carea ocr_par ocr_line ocrx_word'/>
</head>
<body>
  <div class='ocr_page' id='page_1' title='image "./deioannescotoer00unkngoog_0080.png"; bbox 0 0 2938 4716; ppageno 0'>
   <div class='ocr_carea' id='block_1_1' title="bbox 1134 355 1175 420">
    <p class='ocr_par' dir='ltr' id='par_1_1' title="bbox 1134 355 1175 420">
     <span class='ocr_line' id='line_1_1' title="bbox 1134 355 1175 420; baseline 0.049 -2"><span class='ocrx_word' id='word_1_1' title='bbox 1134 355 1175 420; x_wconf 78' lang='lat'>73</span> 
     </span>
    </p>
   </div>
   <div class='ocr_carea' id='block_1_2' title="bbox 133 535 1191 2914">
    <p class='ocr_par' dir='ltr' id='par_1_2' title="bbox 133 535 1186 1302">
     <span class='ocr_line' id='line_1_2' title="bbox 134 535 1176 622; baseline -0.003 -18"><span class='ocrx_word' id='word_1_2' title='bbox 134 541 253 604; x_wconf 87' lang='lat' dir='ltr'>loannis</span> <span class='ocrx_word' id='word_1_3' title='bbox 274 538 357 600; x_wconf 86' lang='lat' dir='ltr'>Seuti</span> <span class='ocrx_word' id='word_1_4' title='bbox 378 537 417 600; x_wconf 89' lang='lat' dir='ltr'>de</span> <span class='ocrx_word' id='word_1_5' title='bbox 438 536 555 600; x_wconf 84' lang='lat' dir='ltr'>vistone</span> <span class='ocrx_word' id='word_1_6' title='bbox 588 535 646 598; x_wconf 88' lang='lat' dir='ltr'>dei.</span> <span class='ocrx_word' id='word_1_7' title='bbox 690 537 803 598; x_wconf 85' lang='lat' dir='ltr'>Omnes</span> <span class='ocrx_word' id='word_1_8' title='bbox 836 551 944 622; x_wconf 83' lang='lat' dir='ltr'>sensus</span> <span class='ocrx_word' id='word_1_9' title='bbox 970 539 1110 617; x_wconf 82' lang='lat' dir='ltr'>corporei</span> <span class='ocrx_word' id='word_1_10' title='bbox 1137 555 1176 601; x_wconf 85' lang='lat' dir='ltr'>ex</span> 
     </span>
     <span class='ocr_line' id='line_1_3' title="bbox 133 637 1177 720; baseline -0.003 -18"><span class='ocrx_word' id='word_1_11' title='bbox 133 640 345 702; x_wconf 81' lang='lat' dir='ltr'>coniunctione</span> <span class='ocrx_word' id='word_1_12' title='bbox 380 644 543 700; x_wconf 88' lang='lat' dir='ltr'>naseuntur</span> <span class='ocrx_word' id='word_1_13' title='bbox 569 639 687 698; x_wconf 85' lang='lat' dir='ltr'>animae</span> <span class='ocrx_word' id='word_1_14' title='bbox 725 643 756 698; x_wconf 88' lang='lat' dir='ltr'>et</span> <span class='ocrx_word' id='word_1_15' title='bbox 775 637 912 716; x_wconf 86' lang='lat' dir='ltr'>eorporis</span> <span class='ocrx_word' id='word_1_16' title='bbox 925 641 991 711; x_wconf 81' lang='lat'><strong>⁴).“</strong></span> <span class='ocrx_word' id='word_1_17' title='bbox 1011 673 1052 685; x_wconf 93' lang='lat'>-</span> <span class='ocrx_word' id='word_1_18' title='bbox 1073 639 1177 720; x_wconf 73' lang='lat' dir='ltr'>Argu-</span> 
     </span>
     <span class='ocr_line' id='line_1_4' title="bbox 134 737 1176 818; baseline -0.003 -15"><span class='ocrx_word' id='word_1_19' title='bbox 134 747 262 802; x_wconf 86' lang='lat' dir='ltr'>mentum</span> <span class='ocrx_word' id='word_1_20' title='bbox 284 737 387 815; x_wconf 79' lang='lat' dir='ltr'>libelli,</span> <span class='ocrx_word' id='word_1_21' title='bbox 411 739 440 799; x_wconf 93' lang='lat' dir='ltr'>ni</span> <span class='ocrx_word' id='word_1_22' title='bbox 463 737 589 814; x_wconf 81' lang='lat' dir='ltr'>fallatur,</span> <span class='ocrx_word' id='word_1_23' title='bbox 608 739 638 798; x_wconf 94' lang='lat' dir='ltr'>in</span> <span class='ocrx_word' id='word_1_24' title='bbox 662 737 769 802; x_wconf 83' lang='lat' dir='ltr'>eadem</span> <span class='ocrx_word' id='word_1_25' title='bbox 790 755 835 816; x_wconf 89' lang='lat' dir='ltr'>re,</span> <span class='ocrx_word' id='word_1_26' title='bbox 858 739 907 814; x_wconf 76' lang='lat' dir='ltr'>ait,</span> <span class='ocrx_word' id='word_1_27' title='bbox 925 745 1074 801; x_wconf 85' lang='lat' dir='ltr'>versatum</span> <span class='ocrx_word' id='word_1_28' title='bbox 1096 756 1176 818; x_wconf 82' lang='lat' dir='ltr'>ease,</span> 
     </span>
     <span class='ocr_line' id='line_1_5' title="bbox 135 838 1179 921; baseline 0 -21"><span class='ocrx_word' id='word_1_29' title='bbox 135 859 189 921; x_wconf 85' lang='lat' dir='ltr'>qua</span> <span class='ocrx_word' id='word_1_30' title='bbox 211 840 306 920; x_wconf 89' lang='lat' dir='ltr'>Lupi,</span> <span class='ocrx_word' id='word_1_31' title='bbox 342 838 459 900; x_wconf 87' lang='lat' dir='ltr'>abbatis</span> <span class='ocrx_word' id='word_1_32' title='bbox 481 838 702 916; x_wconf 85' lang='lat' dir='ltr'>Ferrariensis‚</span> <span class='ocrx_word' id='word_1_33' title='bbox 739 838 865 918; x_wconf 88' lang='lat' dir='ltr'>epistola</span> <span class='ocrx_word' id='word_1_34' title='bbox 888 838 982 900; x_wconf 85' lang='lat' dir='ltr'><strong>XXX.</strong></span> <span class='ocrx_word' id='word_1_35' title='bbox 1003 838 1040 899; x_wconf 86' lang='lat' dir='ltr'>ad</span> <span class='ocrx_word' id='word_1_36' title='bbox 1064 838 1179 900; x_wconf 83' lang='lat' dir='ltr'>Gothu-</span> 
     </span>
     <span class='ocr_line' id='line_1_6' title="bbox 135 937 1178 1018; baseline -0.003 -16"><span class='ocrx_word' id='word_1_37' title='bbox 135 941 287 1016; x_wconf 87' lang='lat' dir='ltr'>seaioum,</span> <span class='ocrx_word' id='word_1_38' title='bbox 321 937 499 1000; x_wconf 87' lang='lat' dir='ltr'>monachum</span> <span class='ocrx_word' id='word_1_39' title='bbox 533 938 747 1006; x_wconf 86' lang='lat' dir='ltr'>Orbaoensern.</span> <span class='ocrx_word' id='word_1_40' title='bbox 791 938 874 1011; x_wconf 82' lang='lat' dir='ltr'>Quae</span> <span class='ocrx_word' id='word_1_41' title='bbox 907 937 980 1018; x_wconf 84' lang='lat' dir='ltr'>Lupi</span> <span class='ocrx_word' id='word_1_42' title='bbox 1012 937 1178 1017; x_wconf 66' lang='lat' dir='ltr'>epistolat)</span> 
     </span>
     <span class='ocr_line' id='line_1_7' title="bbox 136 1037 1186 1119; baseline -0.001 -18"><span class='ocrx_word' id='word_1_43' title='bbox 136 1040 232 1102; x_wconf 82' lang='lat' dir='ltr'>locun</span> <span class='ocrx_word' id='word_1_44' title='bbox 255 1037 403 1119; x_wconf 86' lang='lat' dir='ltr'>quendam</span> <span class='ocrx_word' id='word_1_45' title='bbox 429 1037 574 1117; x_wconf 84' lang='lat' dir='ltr'>explieat,</span> <span class='ocrx_word' id='word_1_46' title='bbox 609 1040 659 1116; x_wconf 87' lang='lat' dir='ltr'>qui</span> <span class='ocrx_word' id='word_1_47' title='bbox 690 1044 736 1100; x_wconf 88' lang='lat' dir='ltr'>est</span> <span class='ocrx_word' id='word_1_48' title='bbox 769 1037 845 1117; x_wconf 89' lang='lat' dir='ltr'>apud</span> <span class='ocrx_word' id='word_1_49' title='bbox 873 1055 897 1100; x_wconf 88' lang='lat' dir='ltr'>s.</span> <span class='ocrx_word' id='word_1_50' title='bbox 920 1039 1117 1119; x_wconf 82' lang='lat' dir='ltr'>Augustinunr</span> <span class='ocrx_word' id='word_1_51' title='bbox 1148 1040 1186 1100; x_wconf 81' lang='lat' dir='ltr'>in&#39;</span> 
     </span>
     <span class='ocr_line' id='line_1_8' title="bbox 134 1133 1180 1220; baseline 0 -20"><span class='ocrx_word' id='word_1_52' title='bbox 134 1139 218 1200; x_wconf 80' lang='lat' dir='ltr'>libris</span> <span class='ocrx_word' id='word_1_53' title='bbox 240 1137 278 1198; x_wconf 86' lang='lat' dir='ltr'>de</span> <span class='ocrx_word' id='word_1_54' title='bbox 301 1139 421 1198; x_wconf 81' lang='lat' dir='ltr'>ciuitate</span> <span class='ocrx_word' id='word_1_55' title='bbox 443 1138 491 1198; x_wconf 86' lang='lat' dir='ltr'>dei</span> <span class='ocrx_word' id='word_1_56' title='bbox 515 1135 605 1198; x_wconf 86' lang='lat' dir='ltr'>lilill.</span> <span class='ocrx_word' id='word_1_57' title='bbox 628 1137 680 1203; x_wconf 72' lang='lat'>29:</span> <span class='ocrx_word' id='word_1_58' title='bbox 714 1133 775 1214; x_wconf 88' lang='lat' dir='ltr'>„de</span> <span class='ocrx_word' id='word_1_59' title='bbox 795 1136 936 1216; x_wconf 76' lang='lat' dir='ltr'>qualitate</span> <span class='ocrx_word' id='word_1_60' title='bbox 957 1139 1099 1218; x_wconf 86' lang='lat' dir='ltr'>visionis,</span> <span class='ocrx_word' id='word_1_61' title='bbox 1122 1155 1180 1220; x_wconf 85' lang='lat' dir='ltr'>qna</span> 
     </span>
     <span class='ocr_line' id='line_1_9' title="bbox 137 1237 960 1302; baseline -0.005 0"><span class='ocrx_word' id='word_1_62' title='bbox 137 1240 166 1302; x_wconf 91' lang='lat' dir='ltr'>in</span> <span class='ocrx_word' id='word_1_63' title='bbox 188 1239 288 1301; x_wconf 81' lang='lat' dir='ltr'>tuturo</span> <span class='ocrx_word' id='word_1_64' title='bbox 310 1238 433 1298; x_wconf 88' lang='lat' dir='ltr'>saeculo</span> <span class='ocrx_word' id='word_1_65' title='bbox 454 1239 550 1298; x_wconf 84' lang='lat' dir='ltr'>saneti</span> <span class='ocrx_word' id='word_1_66' title='bbox 573 1237 666 1298; x_wconf 86' lang='lat' dir='ltr'>Deum</span> <span class='ocrx_word' id='word_1_67' title='bbox 689 1239 749 1300; x_wconf 90' lang='lat' dir='ltr'>sint</span> <span class='ocrx_word' id='word_1_68' title='bbox 771 1239 895 1300; x_wconf 84' lang='lat' dir='ltr'>visuri.“</span> <span class='ocrx_word' id='word_1_69' title='bbox 919 1269 960 1288; x_wconf 73' lang='lat'>-</span> 
     </span>
    </p>

    <p class='ocr_par' dir='ltr' id='par_1_3' title="bbox 136 1335 1191 2914">
     <span class='ocr_line' id='line_1_10' title="bbox 216 1335 1183 1422; baseline 0.001 -22"><span class='ocrx_word' id='word_1_70' title='bbox 216 1339 374 1400; x_wconf 85' lang='lat' dir='ltr'>Librorum</span> <span class='ocrx_word' id='word_1_71' title='bbox 395 1337 419 1398; x_wconf 90' lang='lat' dir='ltr'>V</span> <span class='ocrx_word' id='word_1_72' title='bbox 440 1337 501 1416; x_wconf 87' lang='lat' dir='ltr'>„de</span> <span class='ocrx_word' id='word_1_73' title='bbox 526 1337 672 1398; x_wconf 84' lang='lat' dir='ltr'>diuisione</span> <span class='ocrx_word' id='word_1_74' title='bbox 694 1343 837 1399; x_wconf 69' lang='lat' dir='ltr'>naturaet‘</span> <span class='ocrx_word' id='word_1_75' title='bbox 859 1339 924 1401; x_wconf 88' lang='lat' dir='ltr'>sive</span> <span class='ocrx_word' id='word_1_76' title='bbox 945 1335 1038 1419; x_wconf 78' lang='lat' dir='ltr'>„aspi</span> <span class='ocrx_word' id='word_1_77' title='bbox 1057 1337 1183 1422; x_wconf 75' lang='grc' dir='ltr'><strong><em>φύσεως</em></strong></span> 
     </span>
     <span class='ocr_line' id='line_1_11' title="bbox 137 1437 1182 1519; baseline 0.002 -21"><span class='ocrx_word' id='word_1_78' title='bbox 137 1441 322 1518; x_wconf 78' lang='grc' dir='ltr'><em>μερισμοῡ“</em></span> <span class='ocrx_word' id='word_1_79' title='bbox 352 1472 408 1516; x_wconf 88' lang='grc'>-,</span> <span class='ocrx_word' id='word_1_80' title='bbox 441 1438 490 1519; x_wconf 89' lang='lat' dir='ltr'>qui</span> <span class='ocrx_word' id='word_1_81' title='bbox 526 1437 615 1498; x_wconf 85' lang='lat' dir='ltr'>iidern</span> <span class='ocrx_word' id='word_1_82' title='bbox 647 1437 831 1517; x_wconf 74' lang='lat' dir='ltr'>appellamur</span> <span class='ocrx_word' id='word_1_83' title='bbox 861 1439 922 1515; x_wconf 85' lang='lat' dir='ltr'>„de</span> <span class='ocrx_word' id='word_1_84' title='bbox 951 1439 1086 1502; x_wconf 84' lang='lat' dir='ltr'>naturis“</span> <span class='ocrx_word' id='word_1_85' title='bbox 1117 1441 1182 1501; x_wconf 84' lang='lat' dir='ltr'>sive</span> 
     </span>
     <span class='ocr_line' id='line_1_12' title="bbox 136 1533 1183 1618; baseline 0.002 -20"><span class='ocrx_word' id='word_1_86' title='bbox 136 1540 235 1618; x_wconf 58' lang='lat' dir='ltr'>,papi</span> <span class='ocrx_word' id='word_1_87' title='bbox 250 1533 397 1618; x_wconf 61' lang='grc' dir='ltr'>φύσεωςιι</span> <span class='ocrx_word' id='word_1_88' title='bbox 417 1575 457 1586; x_wconf 93' lang='lat'><em>-</em></span> <span class='ocrx_word' id='word_1_89' title='bbox 478 1537 578 1618; x_wconf 88' lang='lat' dir='ltr'>plnres</span> <span class='ocrx_word' id='word_1_90' title='bbox 595 1539 706 1618; x_wconf 86' lang='lat' dir='ltr'>reperti</span> <span class='ocrx_word' id='word_1_91' title='bbox 725 1545 793 1602; x_wconf 87' lang='lat' dir='ltr'>sunt</span> <span class='ocrx_word' id='word_1_92' title='bbox 815 1538 938 1602; x_wconf 84' lang='lat' dir='ltr'>codices</span> <span class='ocrx_word' id='word_1_93' title='bbox 959 1557 997 1602; x_wconf 87' lang='lat' dir='ltr'>m.</span> <span class='ocrx_word' id='word_1_94' title='bbox 1019 1540 1183 1614; x_wconf 58' lang='lat' dir='ltr'>esst).-</span> 
     </span>
     <span class='ocr_line' id='line_1_13' title="bbox 138 1639 1184 1720; baseline 0.002 -16"><span class='ocrx_word' id='word_1_95' title='bbox 138 1642 221 1704; x_wconf 85' lang='lat' dir='ltr'>Duoe</span> <span class='ocrx_word' id='word_1_96' title='bbox 243 1656 347 1700; x_wconf 83' lang='lat' dir='ltr'>eorum</span> <span class='ocrx_word' id='word_1_97' title='bbox 368 1639 554 1702; x_wconf 85' lang='lat' dir='ltr'>liabillonins</span> <span class='ocrx_word' id='word_1_98' title='bbox 576 1641 669 1720; x_wconf 89' lang='lat' dir='ltr'>ipsius</span> <span class='ocrx_word' id='word_1_99' title='bbox 688 1640 771 1702; x_wconf 89' lang='lat' dir='ltr'>Scoti</span> <span class='ocrx_word' id='word_1_100' title='bbox 800 1647 898 1704; x_wconf 85' lang='lat' dir='ltr'>aelate</span> <span class='ocrx_word' id='word_1_101' title='bbox 922 1647 1064 1703; x_wconf 85' lang='lat' dir='ltr'>exaratos</span> <span class='ocrx_word' id='word_1_102' title='bbox 1095 1640 1184 1706; x_wconf 79' lang='lat' dir='ltr'>dicit:</span> 
     </span>
     <span class='ocr_line' id='line_1_14' title="bbox 139 1738 1185 1804; baseline -0.001 -2"><span class='ocrx_word' id='word_1_103' title='bbox 139 1759 195 1802; x_wconf 88' lang='lat' dir='ltr'>nec</span> <span class='ocrx_word' id='word_1_104' title='bbox 218 1747 320 1801; x_wconf 85' lang='lat' dir='ltr'>temen</span> <span class='ocrx_word' id='word_1_105' title='bbox 344 1738 418 1802; x_wconf 90' lang='lat' dir='ltr'>ullus</span> <span class='ocrx_word' id='word_1_106' title='bbox 449 1757 558 1802; x_wconf 85' lang='lat' dir='ltr'>nornen</span> <span class='ocrx_word' id='word_1_107' title='bbox 586 1741 719 1802; x_wconf 87' lang='lat' dir='ltr'>auctoris</span> <span class='ocrx_word' id='word_1_108' title='bbox 749 1740 861 1804; x_wconf 90' lang='lat' dir='ltr'>habuit.</span> <span class='ocrx_word' id='word_1_109' title='bbox 905 1740 1075 1804; x_wconf 75' lang='lat' dir='ltr'>Guilelmus</span> <span class='ocrx_word' id='word_1_110' title='bbox 1108 1740 1185 1802; x_wconf 86' lang='lat' dir='ltr'>ltal-</span> 
     </span>
     <span class='ocr_line' id='line_1_15' title="bbox 140 1840 1185 1922; baseline -0.002 -18"><span class='ocrx_word' id='word_1_111' title='bbox 140 1841 355 1904; x_wconf 85' lang='lat' dir='ltr'>uresburiensis</span> <span class='ocrx_word' id='word_1_112' title='bbox 378 1847 409 1901; x_wconf 89' lang='lat' dir='ltr'>et</span> <span class='ocrx_word' id='word_1_113' title='bbox 428 1840 514 1922; x_wconf 80' lang='lat' dir='ltr'>llugo</span> <span class='ocrx_word' id='word_1_114' title='bbox 537 1858 555 1902; x_wconf 87' lang='lat' dir='ltr'>a</span> <span class='ocrx_word' id='word_1_115' title='bbox 579 1859 605 1902; x_wconf 87' lang='lat' dir='ltr'>s.</span> <span class='ocrx_word' id='word_1_116' title='bbox 629 1841 751 1904; x_wconf 84' lang='lat' dir='ltr'>Victore</span> <span class='ocrx_word' id='word_1_117' title='bbox 780 1844 864 1922; x_wconf 88' lang='lat' dir='ltr'>primi</span> <span class='ocrx_word' id='word_1_118' title='bbox 877 1846 927 1920; x_wconf 82' lang='lat'>⁷),</span> <span class='ocrx_word' id='word_1_119' title='bbox 961 1848 1099 1922; x_wconf 76' lang='lat' dir='ltr'>quantum</span> <span class='ocrx_word' id='word_1_120' title='bbox 1129 1859 1185 1921; x_wconf 93' lang='lat' dir='ltr'>pro</span> 
     </span>
     <span class='ocr_line' id='line_1_16' title="bbox 141 1939 1186 2019; baseline 0.002 -17"><span class='ocrx_word' id='word_1_121' title='bbox 141 1947 224 2002; x_wconf 87' lang='lat' dir='ltr'>certo</span> <span class='ocrx_word' id='word_1_122' title='bbox 247 1957 264 2000; x_wconf 86' lang='lat' dir='ltr'>a</span> <span class='ocrx_word' id='word_1_123' title='bbox 288 1939 374 2000; x_wconf 90' lang='lat' dir='ltr'>nobis</span> <span class='ocrx_word' id='word_1_124' title='bbox 396 1941 483 2000; x_wconf 90' lang='lat' dir='ltr'>statui</span> <span class='ocrx_word' id='word_1_125' title='bbox 505 1946 621 2019; x_wconf 89' lang='lat' dir='ltr'>potest,</span> <span class='ocrx_word' id='word_1_126' title='bbox 653 1942 743 2004; x_wconf 87' lang='lat' dir='ltr'>Scuto</span> <span class='ocrx_word' id='word_1_127' title='bbox 766 1948 870 2004; x_wconf 85' lang='lat' dir='ltr'>nostro</span> <span class='ocrx_word' id='word_1_128' title='bbox 892 1940 983 2004; x_wconf 88' lang='lat' dir='ltr'>libros</span> <span class='ocrx_word' id='word_1_129' title='bbox 1005 1959 1078 2002; x_wconf 88' lang='lat' dir='ltr'>suos</span> <span class='ocrx_word' id='word_1_130' title='bbox 1100 1943 1186 2004; x_wconf 89' lang='lat' dir='ltr'>attri-</span> 
     </span>
     <span class='ocr_line' id='line_1_17' title="bbox 142 2038 1185 2103; baseline 0.001 -1"><span class='ocrx_word' id='word_1_131' title='bbox 142 2040 279 2102; x_wconf 87' lang='lat' dir='ltr'>buerunt.</span> <span class='ocrx_word' id='word_1_132' title='bbox 321 2038 516 2100; x_wconf 84' lang='lat' dir='ltr'>Nihilominus</span> <span class='ocrx_word' id='word_1_133' title='bbox 551 2047 650 2102; x_wconf 78' lang='lat' dir='ltr'>tanuen</span> <span class='ocrx_word' id='word_1_134' title='bbox 686 2042 774 2102; x_wconf 87' lang='lat' dir='ltr'>etiarn</span> <span class='ocrx_word' id='word_1_135' title='bbox 809 2043 928 2102; x_wconf 86' lang='lat' dir='ltr'>ineunte</span> <span class='ocrx_word' id='word_1_136' title='bbox 957 2042 1079 2103; x_wconf 87' lang='lat' dir='ltr'>saeculo</span> <span class='ocrx_word' id='word_1_137' title='bbox 1109 2041 1185 2103; x_wconf 88' lang='lat' dir='ltr'>Xlll.</span> 
     </span>
     <span class='ocr_line' id='line_1_18' title="bbox 143 2139 1188 2220; baseline -0.003 -18"><span class='ocrx_word' id='word_1_138' title='bbox 143 2140 240 2214; x_wconf 86' lang='lat' dir='ltr'>luere,</span> <span class='ocrx_word' id='word_1_139' title='bbox 269 2139 319 2218; x_wconf 92' lang='lat' dir='ltr'>qui</span> <span class='ocrx_word' id='word_1_140' title='bbox 338 2141 481 2202; x_wconf 79' lang='lat' dir='ltr'>Amutrici</span> <span class='ocrx_word' id='word_1_141' title='bbox 503 2140 648 2202; x_wconf 86' lang='lat' dir='ltr'>Benensis</span> <span class='ocrx_word' id='word_1_142' title='bbox 671 2157 725 2202; x_wconf 85' lang='lat' dir='ltr'>eus</span> <span class='ocrx_word' id='word_1_143' title='bbox 748 2157 816 2202; x_wconf 85' lang='lat' dir='ltr'>esse</span> <span class='ocrx_word' id='word_1_144' title='bbox 840 2143 1033 2220; x_wconf 86' lang='lat' dir='ltr'>opinarentur</span> <span class='ocrx_word' id='word_1_145' title='bbox 1044 2145 1089 2217; x_wconf 78' lang='lat'>⁸):</span> <span class='ocrx_word' id='word_1_146' title='bbox 1119 2141 1188 2201; x_wconf 83' lang='lat' dir='ltr'>Tri.</span> 
     </span>
     <span class='ocr_line' id='line_1_19' title="bbox 143 2239 1187 2320; baseline -0.002 -17"><span class='ocrx_word' id='word_1_147' title='bbox 143 2240 273 2304; x_wconf 84' lang='lat' dir='ltr'>themius</span> <span class='ocrx_word' id='word_1_148' title='bbox 297 2239 390 2302; x_wconf 86' lang='lat' dir='ltr'>abbas</span> <span class='ocrx_word' id='word_1_149' title='bbox 407 2246 437 2300; x_wconf 87' lang='lat' dir='ltr'>et</span> <span class='ocrx_word' id='word_1_150' title='bbox 465 2239 570 2303; x_wconf 85' lang='lat' dir='ltr'>Baleus</span> <span class='ocrx_word' id='word_1_151' title='bbox 591 2240 670 2302; x_wconf 89' lang='lat' dir='ltr'>adeo</span> <span class='ocrx_word' id='word_1_152' title='bbox 695 2241 732 2302; x_wconf 91' lang='lat' dir='ltr'>ad</span> <span class='ocrx_word' id='word_1_153' title='bbox 761 2241 901 2303; x_wconf 84' lang='lat' dir='ltr'>loannem</span> <span class='ocrx_word' id='word_1_154' title='bbox 930 2243 1071 2318; x_wconf 79' lang='lat' dir='ltr'>scotum,</span> <span class='ocrx_word' id='word_1_155' title='bbox 1100 2257 1187 2320; x_wconf 84' lang='lat' dir='ltr'>quent</span> 
     </span>
     <span class='ocr_line' id='line_1_20' title="bbox 144 2339 1188 2422; baseline 0 -18"><span class='ocrx_word' id='word_1_156' title='bbox 144 2341 325 2404; x_wconf 84' lang='lat' dir='ltr'>llailrosiurn</span> <span class='ocrx_word' id='word_1_157' title='bbox 344 2347 464 2416; x_wconf 83' lang='lat' dir='ltr'>vocant,</span> <span class='ocrx_word' id='word_1_158' title='bbox 493 2339 593 2402; x_wconf 87' lang='lat' dir='ltr'>Bedae</span> <span class='ocrx_word' id='word_1_159' title='bbox 617 2341 803 2405; x_wconf 83' lang='lat' dir='ltr'>Venerabilis</span> <span class='ocrx_word' id='word_1_160' title='bbox 824 2341 988 2422; x_wconf 84' lang='lat' dir='ltr'>aequalem,</span> <span class='ocrx_word' id='word_1_161' title='bbox 1020 2342 1077 2403; x_wconf 85' lang='lat' dir='ltr'>hus</span> <span class='ocrx_word' id='word_1_162' title='bbox 1096 2340 1188 2404; x_wconf 80' lang='lat' dir='ltr'>ituros</span> 
     </span>
     <span class='ocr_line' id='line_1_21' title="bbox 146 2440 1188 2523; baseline 0.002 -21"><span class='ocrx_word' id='word_1_163' title='bbox 146 2440 358 2517; x_wconf 69' lang='lat' dir='ltr'>renuerunt).</span> <span class='ocrx_word' id='word_1_164' title='bbox 405 2441 511 2502; x_wconf 78' lang='lat' dir='ltr'>Verum</span> <span class='ocrx_word' id='word_1_165' title='bbox 533 2442 704 2518; x_wconf 86' lang='lat' dir='ltr'>enimvero,</span> <span class='ocrx_word' id='word_1_166' title='bbox 737 2443 764 2504; x_wconf 89' lang='lat' dir='ltr'>si</span> <span class='ocrx_word' id='word_1_167' title='bbox 796 2443 861 2522; x_wconf 86' lang='lat' dir='ltr'>quis</span> <span class='ocrx_word' id='word_1_168' title='bbox 888 2440 934 2504; x_wconf 85' lang='lat' dir='ltr'>uel</span> <span class='ocrx_word' id='word_1_169' title='bbox 964 2442 1042 2504; x_wconf 88' lang='lat' dir='ltr'>aliud</span> <span class='ocrx_word' id='word_1_170' title='bbox 1068 2440 1188 2523; x_wconf 80' lang='lat' dir='ltr'>agendo</span> 
     </span>
     <span class='ocr_line' id='line_1_22' title="bbox 144 2539 1189 2622; baseline 0.001 -21"><span class='ocrx_word' id='word_1_171' title='bbox 144 2541 239 2604; x_wconf 85' lang='lat' dir='ltr'>libros</span> <span class='ocrx_word' id='word_1_172' title='bbox 253 2539 292 2601; x_wconf 86' lang='lat' dir='ltr'>de</span> <span class='ocrx_word' id='word_1_173' title='bbox 306 2542 418 2602; x_wconf 88' lang='lat' dir='ltr'>naturis</span> <span class='ocrx_word' id='word_1_174' title='bbox 434 2558 499 2602; x_wconf 87' lang='lat' dir='ltr'>curn</span> <span class='ocrx_word' id='word_1_175' title='bbox 515 2541 663 2620; x_wconf 74' lang='lat' dir='ltr'>litigenae</span> <span class='ocrx_word' id='word_1_176' title='bbox 679 2541 754 2605; x_wconf 86' lang='lat' dir='ltr'>libro</span> <span class='ocrx_word' id='word_1_177' title='bbox 772 2542 809 2605; x_wconf 86' lang='lat' dir='ltr'>de</span> <span class='ocrx_word' id='word_1_178' title='bbox 823 2542 1095 2622; x_wconf 71' lang='lat' dir='ltr'>praedestinatione</span> <span class='ocrx_word' id='word_1_179' title='bbox 1109 2558 1189 2603; x_wconf 92' lang='lat' dir='ltr'>con-</span> 
     </span>
     <span class='ocr_line' id='line_1_23' title="bbox 146 2641 1189 2723; baseline 0 -19"><span class='ocrx_word' id='word_1_180' title='bbox 146 2643 256 2716; x_wconf 83' lang='lat' dir='ltr'>tulerit,</span> <span class='ocrx_word' id='word_1_181' title='bbox 280 2642 351 2702; x_wconf 87' lang='lat' dir='ltr'>nihii</span> <span class='ocrx_word' id='word_1_182' title='bbox 373 2659 495 2720; x_wconf 86' lang='lat' dir='ltr'>prorsus</span> <span class='ocrx_word' id='word_1_183' title='bbox 517 2642 708 2704; x_wconf 84' lang='lat' dir='ltr'>dubitationis</span> <span class='ocrx_word' id='word_1_184' title='bbox 729 2645 758 2703; x_wconf 91' lang='lat' dir='ltr'>ei</span> <span class='ocrx_word' id='word_1_185' title='bbox 778 2643 968 2723; x_wconf 83' lang='lat' dir='ltr'>relinquetur.</span> <span class='ocrx_word' id='word_1_186' title='bbox 992 2642 1057 2715; x_wconf 85' lang='lat' dir='ltr'>Quo</span> <span class='ocrx_word' id='word_1_187' title='bbox 1079 2641 1189 2704; x_wconf 87' lang='lat' dir='ltr'>lautum</span> 
     </span>
     <span class='ocr_line' id='line_1_24' title="bbox 148 2739 1191 2823; baseline 0 -20"><span class='ocrx_word' id='word_1_188' title='bbox 148 2749 203 2818; x_wconf 85' lang='lat' dir='ltr'>est,</span> <span class='ocrx_word' id='word_1_189' title='bbox 224 2747 256 2801; x_wconf 92' lang='lat' dir='ltr'>ut</span> <span class='ocrx_word' id='word_1_190' title='bbox 278 2742 335 2802; x_wconf 85' lang='lat' dir='ltr'>iarn</span> <span class='ocrx_word' id='word_1_191' title='bbox 356 2741 471 2820; x_wconf 85' lang='lat' dir='ltr'>pridem</span> <span class='ocrx_word' id='word_1_192' title='bbox 492 2741 570 2802; x_wconf 90' lang='lat' dir='ltr'>inter</span> <span class='ocrx_word' id='word_1_193' title='bbox 589 2741 672 2802; x_wconf 86' lang='lat' dir='ltr'>viros</span> <span class='ocrx_word' id='word_1_194' title='bbox 694 2742 800 2805; x_wconf 85' lang='lat' dir='ltr'>doctos</span> <span class='ocrx_word' id='word_1_195' title='bbox 821 2759 879 2804; x_wconf 91' lang='lat' dir='ltr'>uno</span> <span class='ocrx_word' id='word_1_196' title='bbox 904 2742 988 2823; x_wconf 90' lang='lat' dir='ltr'>quasi</span> <span class='ocrx_word' id='word_1_197' title='bbox 1011 2758 1065 2803; x_wconf 89' lang='lat' dir='ltr'>ore</span> <span class='ocrx_word' id='word_1_198' title='bbox 1087 2739 1144 2804; x_wconf 88' lang='lat' dir='ltr'>hae</span> <span class='ocrx_word' id='word_1_199' title='bbox 1160 2740 1191 2803; x_wconf 92' lang='lat' dir='ltr'>in</span> 
     </span>
     <span class='ocr_line' id='line_1_25' title="bbox 146 2841 451 2914; baseline -0.007 -10"><span class='ocrx_word' id='word_1_200' title='bbox 146 2859 180 2904; x_wconf 85' lang='lat' dir='ltr'>ro</span> <span class='ocrx_word' id='word_1_201' title='bbox 201 2841 240 2904; x_wconf 90' lang='lat' dir='ltr'>sit</span> <span class='ocrx_word' id='word_1_202' title='bbox 261 2857 451 2914; x_wconf 75' lang='lat' dir='ltr'>eonsensum.</span> 
     </span>
    </p>
   </div>
   <div class='ocr_carea' id='block_1_3' title="bbox 199 3077 1192 3264">
    <p class='ocr_par' dir='ltr' id='par_1_4' title="bbox 199 3077 1192 3264">
     <span class='ocr_line' id='line_1_26' title="bbox 199 3077 1192 3178; baseline -0.004 -17"><span class='ocrx_word' id='word_1_203' title='bbox 199 3107 230 3178; x_wconf 77' lang='grc'>1)</span> <span class='ocrx_word' id='word_1_204' title='bbox 248 3109 334 3161; x_wconf 80' lang='lat' dir='ltr'>Etiam</span> <span class='ocrx_word' id='word_1_205' title='bbox 356 3109 383 3159; x_wconf 94' lang='lat' dir='ltr'>in</span> <span class='ocrx_word' id='word_1_206' title='bbox 405 3107 452 3159; x_wconf 91' lang='lat' dir='ltr'>lib.</span> <span class='ocrx_word' id='word_1_207' title='bbox 472 3105 505 3157; x_wconf 90' lang='lat' dir='ltr'>ll.</span> <span class='ocrx_word' id='word_1_208' title='bbox 524 3105 558 3156; x_wconf 78' lang='lat' dir='ltr'>de</span> <span class='ocrx_word' id='word_1_209' title='bbox 577 3104 629 3156; x_wconf 79' lang='lat' dir='ltr'>niv.</span> <span class='ocrx_word' id='word_1_210' title='bbox 647 3112 702 3156; x_wconf 84' lang='lat' dir='ltr'>nat.</span> <span class='ocrx_word' id='word_1_211' title='bbox 721 3123 743 3157; x_wconf 86' lang='lat' dir='ltr'>c.</span> <span class='ocrx_word' id='word_1_212' title='bbox 756 3106 799 3159; x_wconf 79' lang='lat'>23.</span> <span class='ocrx_word' id='word_1_213' title='bbox 819 3077 929 3159; x_wconf 70' lang='lat' dir='ltr'>scribite</span> <span class='ocrx_word' id='word_1_214' title='bbox 947 3105 1192 3170; x_wconf 76' lang='lat' dir='ltr'>„Exterioraensua</span> 
     </span>
     <span class='ocr_line' id='line_1_27' title="bbox 249 3191 1004 3264; baseline -0.005 -18"><span class='ocrx_word' id='word_1_215' title='bbox 249 3195 404 3247; x_wconf 75' lang='lat' dir='ltr'>coniunctio</span> <span class='ocrx_word' id='word_1_216' title='bbox 425 3191 556 3264; x_wconf 79' lang='lat' dir='ltr'>quaedam</span> <span class='ocrx_word' id='word_1_217' title='bbox 575 3193 738 3244; x_wconf 78' lang='lat' dir='ltr'>eutonium</span> <span class='ocrx_word' id='word_1_218' title='bbox 758 3201 785 3244; x_wconf 79' lang='lat' dir='ltr'>at</span> <span class='ocrx_word' id='word_1_219' title='bbox 804 3195 950 3263; x_wconf 80' lang='lat' dir='ltr'>eorporir.“</span> <span class='ocrx_word' id='word_1_220' title='bbox 969 3219 1004 3232; x_wconf 84' lang='lat'><em>-</em></span> 
     </span>
    </p>
   </div>
   <div class='ocr_carea' id='block_1_4' title="bbox 203 3295 1193 3650">
    <p class='ocr_par' dir='ltr' id='par_1_5' title="bbox 204 3295 1191 3458">
     <span class='ocr_line' id='line_1_28' title="bbox 204 3295 1191 3368; baseline 0 -17"><span class='ocrx_word' id='word_1_221' title='bbox 204 3301 234 3368; x_wconf 78' lang='lat'>5)</span> <span class='ocrx_word' id='word_1_222' title='bbox 253 3301 287 3350; x_wconf 83' lang='lat' dir='ltr'>el.</span> <span class='ocrx_word' id='word_1_223' title='bbox 315 3300 384 3350; x_wconf 75' lang='lat' dir='ltr'>Max.</span> <span class='ocrx_word' id='word_1_224' title='bbox 408 3295 533 3349; x_wconf 89' lang='lat' dir='ltr'>biblioth.</span> <span class='ocrx_word' id='word_1_225' title='bbox 564 3304 616 3348; x_wconf 83' lang='lat' dir='ltr'>ret.</span> <span class='ocrx_word' id='word_1_226' title='bbox 644 3305 749 3366; x_wconf 78' lang='lat' dir='ltr'>patrum</span> <span class='ocrx_word' id='word_1_227' title='bbox 774 3305 825 3349; x_wconf 82' lang='lat' dir='ltr'>cel.</span> <span class='ocrx_word' id='word_1_228' title='bbox 853 3295 1023 3366; x_wconf 75' lang='lat' dir='ltr'>lugdunens.</span> <span class='ocrx_word' id='word_1_229' title='bbox 1052 3303 1116 3348; x_wconf 77' lang='lat' dir='ltr'>tom·</span> <span class='ocrx_word' id='word_1_230' title='bbox 1135 3295 1191 3352; x_wconf 81' lang='lat' dir='ltr'>XV.</span> 
     </span>
     <span class='ocr_line' id='line_1_29' title="bbox 253 3388 447 3458; baseline -0.015 -19"><span class='ocrx_word' id='word_1_231' title='bbox 253 3388 447 3458; x_wconf 79' lang='lat' dir='ltr'>p.15Eaeq.</span> 
     </span>
    </p>

    <p class='ocr_par' dir='ltr' id='par_1_6' title="bbox 203 3485 1193 3650">
     <span class='ocr_line' id='line_1_30' title="bbox 203 3485 1193 3560; baseline -0.01 -15"><span class='ocrx_word' id='word_1_232' title='bbox 203 3491 232 3560; x_wconf 81' lang='lat'>6)</span> <span class='ocrx_word' id='word_1_233' title='bbox 254 3493 287 3544; x_wconf 82' lang='lat' dir='ltr'>cl.</span> <span class='ocrx_word' id='word_1_234' title='bbox 307 3491 403 3543; x_wconf 85' lang='lat' dir='ltr'>Thoar.</span> <span class='ocrx_word' id='word_1_235' title='bbox 426 3490 500 3541; x_wconf 81' lang='lat' dir='ltr'>Gale.</span> <span class='ocrx_word' id='word_1_236' title='bbox 521 3489 619 3540; x_wconf 79' lang='lat' dir='ltr'>testim.</span> <span class='ocrx_word' id='word_1_237' title='bbox 638 3506 664 3558; x_wconf 86' lang='lat' dir='ltr'>p.</span> <span class='ocrx_word' id='word_1_238' title='bbox 682 3489 722 3538; x_wconf 84' lang='lat'>12.</span> <span class='ocrx_word' id='word_1_239' title='bbox 743 3487 849 3541; x_wconf 79' lang='lat' dir='ltr'>Mabttt.</span> <span class='ocrx_word' id='word_1_240' title='bbox 869 3495 928 3540; x_wconf 81' lang='lat' dir='ltr'>acta</span> <span class='ocrx_word' id='word_1_241' title='bbox 949 3485 1046 3540; x_wconf 81' lang='lat' dir='ltr'>Benad.</span> <span class='ocrx_word' id='word_1_242' title='bbox 1066 3488 1135 3538; x_wconf 61' lang='lat' dir='ltr'>uuae.</span> <span class='ocrx_word' id='word_1_243' title='bbox 1149 3485 1193 3542; x_wconf 81' lang='grc'><strong>111.</strong></span> 
     </span>
     <span class='ocr_line' id='line_1_31' title="bbox 250 3573 1123 3650; baseline -0.008 -20"><span class='ocrx_word' id='word_1_244' title='bbox 250 3597 276 3649; x_wconf 88' lang='lat' dir='ltr'>p.</span> <span class='ocrx_word' id='word_1_245' title='bbox 297 3577 331 3630; x_wconf 88' lang='lat' dir='ltr'>lt.</span> <span class='ocrx_word' id='word_1_246' title='bbox 353 3597 378 3650; x_wconf 87' lang='lat' dir='ltr'>p.</span> <span class='ocrx_word' id='word_1_247' title='bbox 401 3575 490 3630; x_wconf 78' lang='lat' dir='ltr'>titul.</span> <span class='ocrx_word' id='word_1_248' title='bbox 506 3576 572 3627; x_wconf 80' lang='lat' dir='ltr'>llist.</span> <span class='ocrx_word' id='word_1_249' title='bbox 591 3576 643 3627; x_wconf 87' lang='lat' dir='ltr'>litt.</span> <span class='ocrx_word' id='word_1_250' title='bbox 664 3575 697 3628; x_wconf 85' lang='lat' dir='ltr'>de</span> <span class='ocrx_word' id='word_1_251' title='bbox 716 3577 741 3628; x_wconf 89' lang='lat' dir='ltr'>la</span> <span class='ocrx_word' id='word_1_252' title='bbox 761 3577 860 3628; x_wconf 83' lang='lat' dir='ltr'>Frauce</span> <span class='ocrx_word' id='word_1_253' title='bbox 879 3584 942 3628; x_wconf 87' lang='lat' dir='ltr'>torn.</span> <span class='ocrx_word' id='word_1_254' title='bbox 967 3575 997 3628; x_wconf 88' lang='lat' dir='ltr'>V.</span> <span class='ocrx_word' id='word_1_255' title='bbox 1016 3593 1044 3644; x_wconf 87' lang='lat' dir='ltr'>p.</span> <span class='ocrx_word' id='word_1_256' title='bbox 1061 3573 1123 3624; x_wconf 76' lang='lat'>423.</span> 
     </span>
    </p>
   </div>
   <div class='ocr_carea' id='block_1_5' title="bbox 204 3675 1195 3927">
    <p class='ocr_par' dir='ltr' id='par_1_7' title="bbox 204 3675 1195 3927">
     <span class='ocr_line' id='line_1_32' title="bbox 204 3675 1195 3752; baseline -0.011 -16"><span class='ocrx_word' id='word_1_257' title='bbox 204 3683 233 3748; x_wconf 81' lang='lat'>7)</span> <span class='ocrx_word' id='word_1_258' title='bbox 254 3685 287 3734; x_wconf 85' lang='lat' dir='ltr'>cl.</span> <span class='ocrx_word' id='word_1_259' title='bbox 307 3683 402 3734; x_wconf 81' lang='lat' dir='ltr'>Tlioio.</span> <span class='ocrx_word' id='word_1_260' title='bbox 422 3681 497 3733; x_wconf 82' lang='lat' dir='ltr'>Gale.</span> <span class='ocrx_word' id='word_1_261' title='bbox 516 3683 614 3733; x_wconf 83' lang='lat' dir='ltr'>testim.</span> <span class='ocrx_word' id='word_1_262' title='bbox 632 3699 659 3752; x_wconf 91' lang='lat' dir='ltr'>p.</span> <span class='ocrx_word' id='word_1_263' title='bbox 684 3682 724 3744; x_wconf 78' lang='lat'>¹2,</span> <span class='ocrx_word' id='word_1_264' title='bbox 743 3701 770 3752; x_wconf 90' lang='lat' dir='ltr'>p.</span> <span class='ocrx_word' id='word_1_265' title='bbox 790 3680 868 3734; x_wconf 82' lang='lat'><strong>6-7.</strong></span> <span class='ocrx_word' id='word_1_266' title='bbox 886 3679 1014 3743; x_wconf 76' lang='lat' dir='ltr'>alberici,</span> <span class='ocrx_word' id='word_1_267' title='bbox 1031 3678 1112 3730; x_wconf 87' lang='lat' dir='ltr'>trium</span> <span class='ocrx_word' id='word_1_268' title='bbox 1131 3675 1195 3726; x_wconf 77' lang='lat' dir='ltr'>ion-</span> 
     </span>
     <span class='ocr_line' id='line_1_33' title="bbox 248 3761 1195 3829; baseline -0.007 -8"><span class='ocrx_word' id='word_1_269' title='bbox 248 3773 314 3822; x_wconf 83' lang='lat' dir='ltr'>tinm</span> <span class='ocrx_word' id='word_1_270' title='bbox 334 3767 466 3829; x_wconf 84' lang='lat' dir='ltr'>monachi,</span> <span class='ocrx_word' id='word_1_271' title='bbox 494 3767 649 3822; x_wconf 80' lang='lat' dir='ltr'>Clirouioon</span> <span class='ocrx_word' id='word_1_272' title='bbox 667 3768 701 3820; x_wconf 83' lang='lat' dir='ltr'>ad</span> <span class='ocrx_word' id='word_1_273' title='bbox 721 3785 821 3820; x_wconf 81' lang='lat' dir='ltr'>nonum</span> <span class='ocrx_word' id='word_1_274' title='bbox 840 3767 993 3822; x_wconf 79' lang='lat' dir='ltr'>Mccxxv.</span> <span class='ocrx_word' id='word_1_275' title='bbox 1014 3765 1057 3818; x_wconf 82' lang='lat' dir='ltr'>etl.</span> <span class='ocrx_word' id='word_1_276' title='bbox 1076 3761 1195 3818; x_wconf 79' lang='lat' dir='ltr'>leibntt.</span> 
     </span>
     <span class='ocr_line' id='line_1_34' title="bbox 247 3855 611 3927; baseline -0.016 -16"><span class='ocrx_word' id='word_1_277' title='bbox 247 3867 313 3911; x_wconf 88' lang='lat' dir='ltr'>torn.</span> <span class='ocrx_word' id='word_1_278' title='bbox 333 3855 354 3910; x_wconf 93' lang='lat' dir='ltr'>l.</span> <span class='ocrx_word' id='word_1_279' title='bbox 372 3875 398 3927; x_wconf 89' lang='lat' dir='ltr'>p.</span> <span class='ocrx_word' id='word_1_280' title='bbox 417 3855 477 3917; x_wconf 79' lang='lat' dir='ltr'>stt,</span> <span class='ocrx_word' id='word_1_281' title='bbox 494 3855 554 3906; x_wconf 86' lang='grc'><strong>515.</strong></span> <span class='ocrx_word' id='word_1_282' title='bbox 577 3885 611 3896; x_wconf 92' lang='grc'>-</span> 
     </span>
    </p>
   </div>
   <div class='ocr_carea' id='block_1_6' title="bbox 201 3958 720 4133">
    <p class='ocr_par' dir='ltr' id='par_1_8' title="bbox 201 3958 720 4133">
     <span class='ocr_line' id='line_1_35' title="bbox 201 3958 720 4028; baseline -0.012 -14"><span class='ocrx_word' id='word_1_283' title='bbox 201 3961 231 4028; x_wconf 88' lang='grc'>8)</span> <span class='ocrx_word' id='word_1_284' title='bbox 250 3961 284 4013; x_wconf 84' lang='lat' dir='ltr'>cl&#39;.</span> <span class='ocrx_word' id='word_1_285' title='bbox 304 3960 400 4014; x_wconf 86' lang='lat' dir='ltr'>Thum.</span> <span class='ocrx_word' id='word_1_286' title='bbox 420 3959 496 4012; x_wconf 81' lang='lat' dir='ltr'>Gale.</span> <span class='ocrx_word' id='word_1_287' title='bbox 517 3960 613 4012; x_wconf 81' lang='lat' dir='ltr'>testim.</span> <span class='ocrx_word' id='word_1_288' title='bbox 633 3975 660 4028; x_wconf 80' lang='lat' dir='ltr'>p.</span> <span class='ocrx_word' id='word_1_289' title='bbox 680 3958 720 4010; x_wconf 78' lang='lat'>12.</span> 
     </span>
     <span class='ocr_line' id='line_1_36' title="bbox 202 4062 673 4133; baseline -0.013 -15"><span class='ocrx_word' id='word_1_290' title='bbox 202 4063 232 4133; x_wconf 85' lang='grc'>9)</span> <span class='ocrx_word' id='word_1_291' title='bbox 250 4065 287 4116; x_wconf 83' lang='lat' dir='ltr'>ei.</span> <span class='ocrx_word' id='word_1_292' title='bbox 306 4063 403 4116; x_wconf 74' lang='lat' dir='ltr'>Thoos.</span> <span class='ocrx_word' id='word_1_293' title='bbox 424 4062 500 4116; x_wconf 82' lang='lat' dir='ltr'>Gale.</span> <span class='ocrx_word' id='word_1_294' title='bbox 519 4063 538 4114; x_wconf 92' lang='lat' dir='ltr'>l.</span> <span class='ocrx_word' id='word_1_295' title='bbox 548 4062 567 4114; x_wconf 93' lang='grc'>1.</span> <span class='ocrx_word' id='word_1_296' title='bbox 584 4079 611 4133; x_wconf 91' lang='lat' dir='ltr'>p.</span> <span class='ocrx_word' id='word_1_297' title='bbox 632 4062 673 4114; x_wconf 82' lang='lat' dir='ltr'>tu.</span> 
     </span>
    </p>
   </div>
   <div class='ocr_carea' id='block_1_7' title="bbox 0 0 1501 4716">
    <p class='ocr_par' dir='ltr' id='par_1_9' title="bbox 0 0 1501 4716">
     <span class='ocr_line' id='line_1_37' title="bbox 0 0 1501 4716; baseline 0 0"><span class='ocrx_word' id='word_1_298' title='bbox 0 0 1501 4716; x_wconf 95' lang='lat' dir='ltr'> </span> 
     </span>
    </p>
   </div>
  </div>
 </body>
</html>
