<?xml version="1.0" encoding="UTF-8"?>
<!DOCTYPE html PUBLIC "-//W3C//DTD XHTML 1.0 Transitional//EN"
    "http://www.w3.org/TR/xhtml1/DTD/xhtml1-transitional.dtd">
<html xmlns="http://www.w3.org/1999/xhtml" xml:lang="en" lang="en">
 <head>
  <title>
</title>
<meta http-equiv="Content-Type" content="text/html;charset=utf-8" />
  <meta name='ocr-system' content='tesseract 3.04.00' />
  <meta name='ocr-capabilities' content='ocr_page ocr_carea ocr_par ocr_line ocrx_word'/>
</head>
<body>
  <div class='ocr_page' id='page_1' title='image "./deioannescotoer00unkngoog_0064.png"; bbox 0 0 2938 4716; ppageno 0'>
   <div class='ocr_carea' id='block_1_1' title="bbox 1125 347 1167 411">
    <p class='ocr_par' dir='ltr' id='par_1_1' title="bbox 1125 347 1167 411">
     <span class='ocr_line' id='line_1_1' title="bbox 1125 347 1167 411; baseline 0 0"><span class='ocrx_word' id='word_1_1' title='bbox 1125 347 1167 411; x_wconf 77' lang='lat' dir='ltr'><strong>bt</strong></span> 
     </span>
    </p>
   </div>
   <div class='ocr_carea' id='block_1_2' title="bbox 126 523 1241 2309">
    <p class='ocr_par' dir='ltr' id='par_1_2' title="bbox 135 523 1241 1608">
     <span class='ocr_line' id='line_1_2' title="bbox 150 523 1169 610; baseline 0.006 -22"><span class='ocrx_word' id='word_1_2' title='bbox 150 531 217 606; x_wconf 64' lang='lat' dir='ltr'><strong>ome*</strong></span> <span class='ocrx_word' id='word_1_3' title='bbox 242 527 348 590; x_wconf 88' lang='lat' dir='ltr'><strong>eodem</strong></span> <span class='ocrx_word' id='word_1_4' title='bbox 381 525 446 589; x_wconf 87' lang='lat' dir='ltr'><strong>iere</strong></span> <span class='ocrx_word' id='word_1_5' title='bbox 469 533 556 606; x_wconf 89' lang='lat' dir='ltr'><strong>pacto</strong></span> <span class='ocrx_word' id='word_1_6' title='bbox 579 523 617 590; x_wconf 84' lang='lat' dir='ltr'><strong>ud</strong></span> <span class='ocrx_word' id='word_1_7' title='bbox 651 529 841 595; x_wconf 74' lang='lat' dir='ltr'><strong>meramnum</strong></span> <span class='ocrx_word' id='word_1_8' title='bbox 863 530 1017 594; x_wconf 71' lang='lat' dir='ltr'><strong>transferri</strong></span> <span class='ocrx_word' id='word_1_9' title='bbox 1040 537 1169 610; x_wconf 80' lang='lat' dir='ltr'><strong>pereant3</strong></span> 
     </span>
     <span class='ocr_line' id='line_1_3' title="bbox 148 621 1169 712; baseline 0.008 -26"><span class='ocrx_word' id='word_1_10' title='bbox 148 643 234 688; x_wconf 80' lang='lat' dir='ltr'><strong>verum</strong></span> <span class='ocrx_word' id='word_1_11' title='bbox 255 621 301 688; x_wconf 89' lang='lat' dir='ltr'><strong>bis</strong></span> <span class='ocrx_word' id='word_1_12' title='bbox 322 626 394 688; x_wconf 90' lang='lat' dir='ltr'><strong>ideo</strong></span> <span class='ocrx_word' id='word_1_13' title='bbox 417 645 519 706; x_wconf 90' lang='lat' dir='ltr'><strong>parum</strong></span> <span class='ocrx_word' id='word_1_14' title='bbox 540 644 714 692; x_wconf 82' lang='lat' dir='ltr'><strong>moveamur</strong></span> <span class='ocrx_word' id='word_1_15' title='bbox 742 647 870 692; x_wconf 85' lang='lat' dir='ltr'><strong>neeesse</strong></span> <span class='ocrx_word' id='word_1_16' title='bbox 901 637 969 708; x_wconf 86' lang='lat' dir='ltr'><strong>est,</strong></span> <span class='ocrx_word' id='word_1_17' title='bbox 999 631 1080 712; x_wconf 88' lang='lat' dir='ltr'><strong>quod</strong></span> <span class='ocrx_word' id='word_1_18' title='bbox 1111 631 1169 694; x_wconf 84' lang='lat' dir='ltr'><strong>tttis</strong></span> 
     </span>
     <span class='ocr_line' id='line_1_4' title="bbox 145 727 1206 810; baseline 0.007 -22"><span class='ocrx_word' id='word_1_19' title='bbox 145 727 311 806; x_wconf 79' lang='lat' dir='ltr'><strong>temporibus</strong></span> <span class='ocrx_word' id='word_1_20' title='bbox 335 733 486 804; x_wconf 74' lang='lat' dir='ltr'><strong>auctores,</strong></span> <span class='ocrx_word' id='word_1_21' title='bbox 517 745 608 808; x_wconf 87' lang='lat' dir='ltr'><strong>super</strong></span> <span class='ocrx_word' id='word_1_22' title='bbox 635 728 741 791; x_wconf 85' lang='lat' dir='ltr'><strong>eadem</strong></span> <span class='ocrx_word' id='word_1_23' title='bbox 772 747 808 792; x_wconf 85' lang='lat' dir='ltr'><strong>re</strong></span> <span class='ocrx_word' id='word_1_24' title='bbox 839 730 1026 810; x_wconf 68' lang='lat' dir='ltr'><strong>scribentes,</strong></span> <span class='ocrx_word' id='word_1_25' title='bbox 1061 732 1169 796; x_wconf 83' lang='lat' dir='ltr'><strong>iisdem</strong></span> <span class='ocrx_word' id='word_1_26' title='bbox 1200 754 1206 764; x_wconf 89' lang='lat'>·</span> 
     </span>
     <span class='ocr_line' id='line_1_5' title="bbox 144 828 1169 908; baseline 0.005 -20"><span class='ocrx_word' id='word_1_27' title='bbox 144 843 224 906; x_wconf 81' lang='lat' dir='ltr'><strong>prope</strong></span> <span class='ocrx_word' id='word_1_28' title='bbox 242 829 445 908; x_wconf 81' lang='lat' dir='ltr'><strong>argumentis,</strong></span> <span class='ocrx_word' id='word_1_29' title='bbox 483 828 590 890; x_wconf 88' lang='lat' dir='ltr'><strong>iisdem</strong></span> <span class='ocrx_word' id='word_1_30' title='bbox 612 829 677 890; x_wconf 85' lang='lat' dir='ltr'><strong>iere</strong></span> <span class='ocrx_word' id='word_1_31' title='bbox 696 829 916 908; x_wconf 83' lang='lat' dir='ltr'><strong>locutionibus,</strong></span> <span class='ocrx_word' id='word_1_32' title='bbox 952 847 1013 892; x_wconf 89' lang='lat' dir='ltr'><strong>uon</strong></span> <span class='ocrx_word' id='word_1_33' title='bbox 1036 831 1169 893; x_wconf 86' lang='lat' dir='ltr'><strong>dissimili</strong></span> 
     </span>
     <span class='ocr_line' id='line_1_6' title="bbox 142 927 1241 1011; baseline -0.002 -21"><span class='ocrx_word' id='word_1_34' title='bbox 142 928 279 990; x_wconf 84' lang='lat' dir='ltr'><strong>scribendi</strong></span> <span class='ocrx_word' id='word_1_35' title='bbox 298 945 414 1008; x_wconf 89' lang='lat' dir='ltr'><strong>genere</strong></span> <span class='ocrx_word' id='word_1_36' title='bbox 437 931 526 990; x_wconf 86' lang='lat' dir='ltr'><strong>etium</strong></span> <span class='ocrx_word' id='word_1_37' title='bbox 545 927 666 1008; x_wconf 74' lang='lat' dir='ltr'><strong>seepios</strong></span> <span class='ocrx_word' id='word_1_38' title='bbox 687 932 887 1008; x_wconf 68' lang='lat' dir='ltr'><strong>contestu).</strong></span> <span class='ocrx_word' id='word_1_39' title='bbox 930 932 1033 1011; x_wconf 86' lang='lat' dir='ltr'><strong>Neque</strong></span> <span class='ocrx_word' id='word_1_40' title='bbox 1064 931 1172 994; x_wconf 87' lang='lat' dir='ltr'><strong>desunt</strong></span> <span class='ocrx_word' id='word_1_41' title='bbox 1239 984 1241 988; x_wconf 87' lang='lat'><strong>.</strong></span> 
     </span>
     <span class='ocr_line' id='line_1_7' title="bbox 143 1029 1171 1109; baseline 0.006 -21"><span class='ocrx_word' id='word_1_42' title='bbox 143 1035 252 1102; x_wconf 86' lang='lat' dir='ltr'><strong>eontra,</strong></span> <span class='ocrx_word' id='word_1_43' title='bbox 286 1045 364 1108; x_wconf 85' lang='lat' dir='ltr'><strong>quoe</strong></span> <span class='ocrx_word' id='word_1_44' title='bbox 386 1046 425 1089; x_wconf 84' lang='lat' dir='ltr'><strong>ex</strong></span> <span class='ocrx_word' id='word_1_45' title='bbox 445 1030 536 1091; x_wconf 88' lang='lat' dir='ltr'><strong>Scoto</strong></span> <span class='ocrx_word' id='word_1_46' title='bbox 559 1029 646 1090; x_wconf 89' lang='lat' dir='ltr'><strong>nobis</strong></span> <span class='ocrx_word' id='word_1_47' title='bbox 669 1031 866 1109; x_wconf 88' lang='lat' dir='ltr'><strong>innotuerint,</strong></span> <span class='ocrx_word' id='word_1_48' title='bbox 899 1049 957 1093; x_wconf 90' lang='lat' dir='ltr'><strong>nec</strong></span> <span class='ocrx_word' id='word_1_49' title='bbox 977 1039 1076 1094; x_wconf 85' lang='lat' dir='ltr'><strong>tamen</strong></span> <span class='ocrx_word' id='word_1_50' title='bbox 1097 1033 1171 1094; x_wconf 84' lang='lat' dir='ltr'><strong>satis</strong></span> 
     </span>
     <span class='ocr_line' id='line_1_8' title="bbox 143 1125 1172 1210; baseline 0.006 -22"><span class='ocrx_word' id='word_1_51' title='bbox 143 1128 288 1190; x_wconf 87' lang='lat' dir='ltr'><strong>commode</strong></span> <span class='ocrx_word' id='word_1_52' title='bbox 309 1125 348 1188; x_wconf 85' lang='lat' dir='ltr'><strong>od</strong></span> <span class='ocrx_word' id='word_1_53' title='bbox 370 1127 560 1190; x_wconf 84' lang='lat' dir='ltr'><strong>Retromnum</strong></span> <span class='ocrx_word' id='word_1_54' title='bbox 582 1131 733 1210; x_wconf 88' lang='lat' dir='ltr'><strong>pertimere</strong></span> <span class='ocrx_word' id='word_1_55' title='bbox 763 1131 920 1192; x_wconf 85' lang='lat' dir='ltr'><strong>videantur</strong></span> <span class='ocrx_word' id='word_1_56' title='bbox 930 1135 985 1207; x_wconf 79' lang='lat'><strong>⁸²).</strong></span> <span class='ocrx_word' id='word_1_57' title='bbox 1027 1132 1172 1194; x_wconf 84' lang='lat' dir='ltr'><strong>Dicuntur</strong></span> 
     </span>
     <span class='ocr_line' id='line_1_9' title="bbox 140 1227 1170 1316; baseline 0.004 -28"><span class='ocrx_word' id='word_1_58' title='bbox 140 1227 244 1288; x_wconf 86' lang='lat' dir='ltr'><strong>haecce</strong></span> <span class='ocrx_word' id='word_1_59' title='bbox 277 1227 424 1307; x_wconf 85' lang='lat' dir='ltr'><strong>paulutum</strong></span> <span class='ocrx_word' id='word_1_60' title='bbox 459 1235 580 1291; x_wconf 88' lang='lat' dir='ltr'><strong>revecta</strong></span> <span class='ocrx_word' id='word_1_61' title='bbox 616 1228 654 1290; x_wconf 90' lang='lat' dir='ltr'><strong>ad</strong></span> <span class='ocrx_word' id='word_1_62' title='bbox 683 1229 870 1298; x_wconf 85' lang='lat' dir='ltr'><strong>Ratrsmnum</strong></span> <span class='ocrx_word' id='word_1_63' title='bbox 891 1249 981 1310; x_wconf 90' lang='lat' dir='ltr'><strong>posse</strong></span> <span class='ocrx_word' id='word_1_64' title='bbox 1003 1231 1170 1316; x_wconf 85' lang='lat' dir='ltr'><strong>appetiere:</strong></span> 
     </span>
     <span class='ocr_line' id='line_1_10' title="bbox 139 1328 1172 1411; baseline 0.006 -25"><span class='ocrx_word' id='word_1_65' title='bbox 139 1343 232 1388; x_wconf 83' lang='lat' dir='ltr'><strong>verum</strong></span> <span class='ocrx_word' id='word_1_66' title='bbox 253 1328 417 1405; x_wconf 90' lang='lat' dir='ltr'><strong>enimvero,</strong></span> <span class='ocrx_word' id='word_1_67' title='bbox 440 1331 466 1390; x_wconf 93' lang='lat' dir='ltr'><strong>si</strong></span> <span class='ocrx_word' id='word_1_68' title='bbox 487 1330 545 1390; x_wconf 86' lang='lat' dir='ltr'><strong>iem</strong></span> <span class='ocrx_word' id='word_1_69' title='bbox 568 1328 667 1391; x_wconf 86' lang='lat' dir='ltr'><strong>alieno</strong></span> <span class='ocrx_word' id='word_1_70' title='bbox 689 1337 757 1392; x_wconf 89' lang='lat' dir='ltr'><strong>sunt</strong></span> <span class='ocrx_word' id='word_1_71' title='bbox 777 1331 857 1408; x_wconf 88' lang='lat' dir='ltr'><strong>ioco,</strong></span> <span class='ocrx_word' id='word_1_72' title='bbox 886 1334 975 1393; x_wconf 88' lang='lat' dir='ltr'><strong>etiarn</strong></span> <span class='ocrx_word' id='word_1_73' title='bbox 995 1330 1053 1394; x_wconf 92' lang='lat' dir='ltr'><strong>boc</strong></span> <span class='ocrx_word' id='word_1_74' title='bbox 1075 1347 1172 1411; x_wconf 87' lang='lat' dir='ltr'><strong>quae-</strong></span> 
     </span>
     <span class='ocr_line' id='line_1_11' title="bbox 137 1427 1171 1514; baseline 0.008 -28"><span class='ocrx_word' id='word_1_75' title='bbox 137 1427 213 1504; x_wconf 87' lang='lat' dir='ltr'><strong>ritur,</strong></span> <span class='ocrx_word' id='word_1_76' title='bbox 234 1446 303 1490; x_wconf 88' lang='lat' dir='ltr'><strong>num</strong></span> <span class='ocrx_word' id='word_1_77' title='bbox 318 1429 397 1490; x_wconf 85' lang='lat' dir='ltr'><strong>terte</strong></span> <span class='ocrx_word' id='word_1_78' title='bbox 421 1429 567 1509; x_wconf 87' lang='lat' dir='ltr'><strong>paulutum</strong></span> <span class='ocrx_word' id='word_1_79' title='bbox 588 1437 709 1494; x_wconf 88' lang='lat' dir='ltr'><strong>revecta</strong></span> <span class='ocrx_word' id='word_1_80' title='bbox 732 1431 770 1494; x_wconf 88' lang='lat' dir='ltr'><strong>ad</strong></span> <span class='ocrx_word' id='word_1_81' title='bbox 793 1432 885 1514; x_wconf 83' lang='lat' dir='ltr'><strong>longe</strong></span> <span class='ocrx_word' id='word_1_82' title='bbox 907 1433 995 1495; x_wconf 87' lang='lat' dir='ltr'><strong>aliurn</strong></span> <span class='ocrx_word' id='word_1_83' title='bbox 1016 1438 1171 1495; x_wconf 87' lang='lat' dir='ltr'><strong>auctorem</strong></span> 
     </span>
     <span class='ocr_line' id='line_1_12' title="bbox 135 1529 426 1608; baseline 0.007 -20"><span class='ocrx_word' id='word_1_84' title='bbox 135 1529 277 1608; x_wconf 86' lang='lat' dir='ltr'><strong>appetiere</strong></span> <span class='ocrx_word' id='word_1_85' title='bbox 301 1529 426 1607; x_wconf 89' lang='lat' dir='ltr'><strong>possint.</strong></span> 
     </span>
    </p>

    <p class='ocr_par' dir='ltr' id='par_1_3' title="bbox 126 1621 1172 2309">
     <span class='ocr_line' id='line_1_13' title="bbox 214 1621 1170 1711; baseline 0.005 -19"><span class='ocrx_word' id='word_1_86' title='bbox 214 1629 368 1692; x_wconf 77' lang='lat' dir='ltr'><strong>Plurimum</strong></span> <span class='ocrx_word' id='word_1_87' title='bbox 403 1629 490 1691; x_wconf 89' lang='lat' dir='ltr'><strong>tribui</strong></span> <span class='ocrx_word' id='word_1_88' title='bbox 527 1628 662 1692; x_wconf 88' lang='lat' dir='ltr'><strong>videmus</strong></span> <span class='ocrx_word' id='word_1_89' title='bbox 671 1632 715 1706; x_wconf 77' lang='lat'><strong>⁸³)</strong></span> <span class='ocrx_word' id='word_1_90' title='bbox 744 1621 907 1708; x_wconf 71' lang='lat' dir='ltr'><strong>A&#39;sceiino,</strong></span> <span class='ocrx_word' id='word_1_91' title='bbox 944 1631 994 1711; x_wconf 86' lang='lat' dir='ltr'><strong>qui</strong></span> <span class='ocrx_word' id='word_1_92' title='bbox 1025 1632 1055 1692; x_wconf 89' lang='lat' dir='ltr'><strong>in</strong></span> <span class='ocrx_word' id='word_1_93' title='bbox 1085 1629 1170 1710; x_wconf 82' lang='lat' dir='ltr'><strong>epitt.</strong></span> 
     </span>
     <span class='ocr_line' id='line_1_14' title="bbox 133 1727 1171 1810; baseline -0.001 -19"><span class='ocrx_word' id='word_1_94' title='bbox 133 1729 170 1792; x_wconf 84' lang='lat' dir='ltr'><strong>ad</strong></span> <span class='ocrx_word' id='word_1_95' title='bbox 195 1728 407 1808; x_wconf 80' lang='lat' dir='ltr'><strong>berengarium</strong></span> <span class='ocrx_word' id='word_1_96' title='bbox 428 1729 468 1790; x_wconf 89' lang='lat' dir='ltr'><strong>itu</strong></span> <span class='ocrx_word' id='word_1_97' title='bbox 490 1728 527 1789; x_wconf 85' lang='lat' dir='ltr'><strong>de</strong></span> <span class='ocrx_word' id='word_1_98' title='bbox 551 1728 643 1791; x_wconf 90' lang='lat' dir='ltr'><strong>Scote</strong></span> <span class='ocrx_word' id='word_1_99' title='bbox 665 1727 800 1810; x_wconf 86' lang='lat' dir='ltr'><strong>scripsit:</strong></span> <span class='ocrx_word' id='word_1_100' title='bbox 835 1730 948 1792; x_wconf 84' lang='lat' dir='ltr'><strong>dixisse</strong></span> <span class='ocrx_word' id='word_1_101' title='bbox 970 1747 1037 1792; x_wconf 90' lang='lat' dir='ltr'><strong>eum</strong></span> <span class='ocrx_word' id='word_1_102' title='bbox 1057 1731 1089 1790; x_wconf 90' lang='lat' dir='ltr'><strong>in</strong></span> <span class='ocrx_word' id='word_1_103' title='bbox 1113 1745 1171 1790; x_wconf 84' lang='lat' dir='ltr'><strong>ex-</strong></span> 
     </span>
     <span class='ocr_line' id='line_1_15' title="bbox 129 1826 1171 1910; baseline 0 -20"><span class='ocrx_word' id='word_1_104' title='bbox 129 1828 269 1910; x_wconf 82' lang='lat' dir='ltr'><strong>ponendo</strong></span> <span class='ocrx_word' id='word_1_105' title='bbox 304 1829 472 1889; x_wconf 87' lang='lat' dir='ltr'><strong>orationem</strong></span> <span class='ocrx_word' id='word_1_106' title='bbox 504 1826 583 1890; x_wconf 89' lang='lat' dir='ltr'><strong>itiam</strong></span> <span class='ocrx_word' id='word_1_107' title='bbox 617 1828 892 1909; x_wconf 72' lang='lat' dir='ltr'><strong>Gregortnncmu)</strong></span> <span class='ocrx_word' id='word_1_108' title='bbox 921 1831 1015 1908; x_wconf 87' lang='lat' dir='ltr'><strong>„inter</strong></span> <span class='ocrx_word' id='word_1_109' title='bbox 1049 1834 1171 1890; x_wconf 85' lang='lat' dir='ltr'><strong>caetera</strong></span> 
     </span>
     <span class='ocr_line' id='line_1_16' title="bbox 127 1929 1172 2020; baseline -0.004 -28"><span class='ocrx_word' id='word_1_110' title='bbox 127 1930 200 1994; x_wconf 84' lang='lat' dir='ltr'><strong>fidei</strong></span> <span class='ocrx_word' id='word_1_111' title='bbox 230 1935 353 1991; x_wconf 88' lang='lat' dir='ltr'><strong>nostrae</strong></span> <span class='ocrx_word' id='word_1_112' title='bbox 384 1929 534 1990; x_wconf 89' lang='lat' dir='ltr'><strong>contraria</strong></span> <span class='ocrx_word' id='word_1_113' title='bbox 573 1930 715 2009; x_wconf 72' lang='lat' dir='ltr'><strong>„specie</strong></span> <span class='ocrx_word' id='word_1_114' title='bbox 734 1930 971 2020; x_wconf 69' lang='lat' dir='ltr'><strong>gerunturista‚</strong></span> <span class='ocrx_word' id='word_1_115' title='bbox 1004 1947 1066 1992; x_wconf 89' lang='lat' dir='ltr'><strong>non</strong></span> <span class='ocrx_word' id='word_1_116' title='bbox 1088 1931 1172 1992; x_wconf 90' lang='lat' dir='ltr'><strong>veri.</strong></span> 
     </span>
     <span class='ocr_line' id='line_1_17' title="bbox 128 2028 1172 2101; baseline -0.002 -9"><span class='ocrx_word' id='word_1_117' title='bbox 128 2035 241 2092; x_wconf 64' lang='lat' dir='ltr'><strong>utere</strong></span> <span class='ocrx_word' id='word_1_118' title='bbox 260 2065 297 2080; x_wconf 89' lang='grc'>-</span> <span class='ocrx_word' id='word_1_119' title='bbox 322 2028 435 2101; x_wconf 82' lang='lat' dir='ltr'><strong>Quibus</strong></span> <span class='ocrx_word' id='word_1_120' title='bbox 453 2029 587 2091; x_wconf 80' lang='lat' dir='ltr'><strong>Ascetint</strong></span> <span class='ocrx_word' id='word_1_121' title='bbox 609 2031 709 2090; x_wconf 88' lang='lat' dir='ltr'><strong>verbis</strong></span> <span class='ocrx_word' id='word_1_122' title='bbox 732 2029 782 2090; x_wconf 90' lang='lat' dir='ltr'><strong>bie</strong></span> <span class='ocrx_word' id='word_1_123' title='bbox 802 2029 953 2090; x_wconf 83' lang='lat' dir='ltr'><strong>Retrammi</strong></span> <span class='ocrx_word' id='word_1_124' title='bbox 977 2029 1060 2092; x_wconf 89' lang='lat' dir='ltr'><strong>locus</strong></span> <span class='ocrx_word' id='word_1_125' title='bbox 1080 2036 1172 2090; x_wconf 89' lang='lat' dir='ltr'><strong>nota-</strong></span> 
     </span>
     <span class='ocr_line' id='line_1_18' title="bbox 126 2127 1172 2210; baseline 0 -18"><span class='ocrx_word' id='word_1_126' title='bbox 126 2137 175 2192; x_wconf 89' lang='lat' dir='ltr'><strong>tus</strong></span> <span class='ocrx_word' id='word_1_127' title='bbox 200 2145 268 2190; x_wconf 88' lang='lat' dir='ltr'><strong>esse</strong></span> <span class='ocrx_word' id='word_1_128' title='bbox 290 2127 436 2190; x_wconf 84' lang='lat' dir='ltr'><strong>creditur:</strong></span> <span class='ocrx_word' id='word_1_129' title='bbox 469 2129 667 2207; x_wconf 86' lang='lat' dir='ltr'><strong>„„Pertieiant</strong></span> <span class='ocrx_word' id='word_1_130' title='bbox 694 2130 723 2190; x_wconf 91' lang='lat' dir='ltr'><strong>in</strong></span> <span class='ocrx_word' id='word_1_131' title='bbox 755 2129 862 2207; x_wconf 90' lang='lat' dir='ltr'><strong>nobis,</strong></span> <span class='ocrx_word' id='word_1_132' title='bbox 896 2130 1041 2208; x_wconf 88' lang='lat' dir='ltr'><strong>Domine,</strong></span> <span class='ocrx_word' id='word_1_133' title='bbox 1076 2145 1172 2210; x_wconf 57' lang='lat' dir='ltr'><strong>quae</strong></span> 
     </span>
     <span class='ocr_line' id='line_1_19' title="bbox 126 2229 1171 2309; baseline -0.001 -16"><span class='ocrx_word' id='word_1_134' title='bbox 126 2247 251 2307; x_wconf 84' lang='lat' dir='ltr'><strong>sumus,</strong></span> <span class='ocrx_word' id='word_1_135' title='bbox 286 2235 334 2290; x_wconf 90' lang='lat' dir='ltr'><strong>tua</strong></span> <span class='ocrx_word' id='word_1_136' title='bbox 355 2235 568 2304; x_wconf 88' lang='lat' dir='ltr'><strong>sacramenta,</strong></span> <span class='ocrx_word' id='word_1_137' title='bbox 601 2229 681 2308; x_wconf 78' lang='lat' dir='ltr'><strong>quod</strong></span> <span class='ocrx_word' id='word_1_138' title='bbox 704 2229 879 2306; x_wconf 89' lang='lat' dir='ltr'><strong>continent,</strong></span> <span class='ocrx_word' id='word_1_139' title='bbox 911 2235 962 2306; x_wconf 92' lang='lat' dir='ltr'><strong>ut,</strong></span> <span class='ocrx_word' id='word_1_140' title='bbox 993 2246 1070 2309; x_wconf 84' lang='lat' dir='ltr'><strong>quae</strong></span> <span class='ocrx_word' id='word_1_141' title='bbox 1091 2247 1171 2292; x_wconf 90' lang='lat' dir='ltr'><strong>nune</strong></span> 
     </span>
    </p>
   </div>
   <div class='ocr_carea' id='block_1_3' title="bbox 123 2315 1171 2510">
    <p class='ocr_par' dir='ltr' id='par_1_4' title="bbox 123 2315 1171 2510">
     <span class='ocr_line' id='line_1_20' title="bbox 123 2315 1170 2411; baseline 0 -19"><span class='ocrx_word' id='word_1_142' title='bbox 123 2315 231 2411; x_wconf 61' lang='lat' dir='ltr'><strong>&amp;pecte</strong></span> <span class='ocrx_word' id='word_1_143' title='bbox 262 2330 413 2410; x_wconf 86' lang='lat' dir='ltr'><strong>gerimus,</strong></span> <span class='ocrx_word' id='word_1_144' title='bbox 448 2346 548 2391; x_wconf 88' lang='lat' dir='ltr'><strong>rerum</strong></span> <span class='ocrx_word' id='word_1_145' title='bbox 578 2330 703 2392; x_wconf 78' lang='lat' dir='ltr'><strong>veritate</strong></span> <span class='ocrx_word' id='word_1_146' title='bbox 739 2331 944 2409; x_wconf 61' lang='lat' dir='ltr'><strong>captamuso‘ss</strong></span> <span class='ocrx_word' id='word_1_147' title='bbox 985 2329 1081 2392; x_wconf 71' lang='lat' dir='ltr'><strong>Dieitt‘</strong></span> <span class='ocrx_word' id='word_1_148' title='bbox 1110 2339 1170 2405; x_wconf 83' lang='lat' dir='ltr'><strong>(sc.</strong></span> 
     </span>
     <span class='ocr_line' id='line_1_21' title="bbox 127 2427 1171 2510; baseline -0.002 -17"><span class='ocrx_word' id='word_1_149' title='bbox 127 2432 227 2493; x_wconf 80' lang='lat' dir='ltr'><strong>oratio</strong></span> <span class='ocrx_word' id='word_1_150' title='bbox 251 2429 336 2504; x_wconf 85' lang='lat' dir='ltr'><strong>iiie),</strong></span> <span class='ocrx_word' id='word_1_151' title='bbox 358 2427 437 2508; x_wconf 89' lang='lat' dir='ltr'><strong>quod</strong></span> <span class='ocrx_word' id='word_1_152' title='bbox 459 2429 489 2490; x_wconf 94' lang='lat' dir='ltr'><strong>in</strong></span> <span class='ocrx_word' id='word_1_153' title='bbox 511 2429 777 2510; x_wconf 75' lang='lat' dir='ltr'><strong>speciegerantur</strong></span> <span class='ocrx_word' id='word_1_154' title='bbox 797 2430 873 2506; x_wconf 84' lang='lat' dir='ltr'><strong>iste,</strong></span> <span class='ocrx_word' id='word_1_155' title='bbox 907 2447 967 2490; x_wconf 92' lang='lat' dir='ltr'><strong>non</strong></span> <span class='ocrx_word' id='word_1_156' title='bbox 991 2431 1021 2492; x_wconf 92' lang='lat' dir='ltr'><strong>in</strong></span> <span class='ocrx_word' id='word_1_157' title='bbox 1046 2431 1171 2494; x_wconf 85' lang='lat' dir='ltr'><strong>veritate</strong></span> 
     </span>
    </p>
   </div>
   <div class='ocr_carea' id='block_1_4' title="bbox 123 2527 1173 3311">
    <p class='ocr_par' dir='ltr' id='par_1_5' title="bbox 123 2527 1173 3311">
     <span class='ocr_line' id='line_1_22' title="bbox 125 2527 1171 2610; baseline -0.002 -16"><span class='ocrx_word' id='word_1_158' title='bbox 125 2533 149 2594; x_wconf 89' lang='lat' dir='ltr'><strong>i.</strong></span> <span class='ocrx_word' id='word_1_159' title='bbox 172 2547 201 2591; x_wconf 88' lang='lat' dir='ltr'><strong>e.</strong></span> <span class='ocrx_word' id='word_1_160' title='bbox 221 2546 275 2608; x_wconf 89' lang='lat' dir='ltr'><strong>per</strong></span> <span class='ocrx_word' id='word_1_161' title='bbox 295 2527 525 2605; x_wconf 85' lang='lat' dir='ltr'><strong>similitudinem,</strong></span> <span class='ocrx_word' id='word_1_162' title='bbox 546 2547 607 2591; x_wconf 91' lang='lat' dir='ltr'><strong>non</strong></span> <span class='ocrx_word' id='word_1_163' title='bbox 629 2547 685 2610; x_wconf 84' lang='lat' dir='ltr'><strong>per</strong></span> <span class='ocrx_word' id='word_1_164' title='bbox 707 2529 798 2610; x_wconf 87' lang='lat' dir='ltr'><strong>ipsius</strong></span> <span class='ocrx_word' id='word_1_165' title='bbox 822 2530 867 2592; x_wconf 91' lang='lat' dir='ltr'><strong>rei</strong></span> <span class='ocrx_word' id='word_1_166' title='bbox 888 2529 1171 2593; x_wconf 80' lang='lat' dir='ltr'><strong>manifestationem.</strong></span> 
     </span>
     <span class='ocr_line' id='line_1_23' title="bbox 124 2629 1172 2712; baseline -0.002 -18"><span class='ocrx_word' id='word_1_167' title='bbox 124 2629 274 2694; x_wconf 86' lang='lat' dir='ltr'><strong>Ditierunt</strong></span> <span class='ocrx_word' id='word_1_168' title='bbox 293 2636 391 2691; x_wconf 88' lang='lat' dir='ltr'><strong>autem</strong></span> <span class='ocrx_word' id='word_1_169' title='bbox 415 2647 431 2690; x_wconf 91' lang='lat' dir='ltr'><strong>e</strong></span> <span class='ocrx_word' id='word_1_170' title='bbox 451 2646 486 2692; x_wconf 90' lang='lat' dir='ltr'><strong>se</strong></span> <span class='ocrx_word' id='word_1_171' title='bbox 508 2630 627 2709; x_wconf 84' lang='lat' dir='ltr'><strong>speeies</strong></span> <span class='ocrx_word' id='word_1_172' title='bbox 649 2636 679 2692; x_wconf 91' lang='lat' dir='ltr'><strong>et</strong></span> <span class='ocrx_word' id='word_1_173' title='bbox 699 2631 819 2692; x_wconf 87' lang='lat' dir='ltr'><strong>veritas.</strong></span> <span class='ocrx_word' id='word_1_174' title='bbox 856 2630 1042 2709; x_wconf 90' lang='lat' dir='ltr'><strong>Quapropter</strong></span> <span class='ocrx_word' id='word_1_175' title='bbox 1062 2647 1172 2712; x_wconf 91' lang='lat' dir='ltr'><strong>corpus</strong></span> 
     </span>
     <span class='ocr_line' id='line_1_24' title="bbox 125 2728 1172 2810; baseline -0.001 -17"><span class='ocrx_word' id='word_1_176' title='bbox 125 2737 159 2793; x_wconf 92' lang='lat' dir='ltr'><strong>et</strong></span> <span class='ocrx_word' id='word_1_177' title='bbox 181 2731 313 2810; x_wconf 84' lang='lat' dir='ltr'><strong>samguis,</strong></span> <span class='ocrx_word' id='word_1_178' title='bbox 333 2729 412 2808; x_wconf 86' lang='lat' dir='ltr'><strong>quod</strong></span> <span class='ocrx_word' id='word_1_179' title='bbox 437 2729 468 2790; x_wconf 91' lang='lat' dir='ltr'><strong>im</strong></span> <span class='ocrx_word' id='word_1_180' title='bbox 490 2729 621 2792; x_wconf 82' lang='lat' dir='ltr'><strong>eeclesia</strong></span> <span class='ocrx_word' id='word_1_181' title='bbox 641 2731 766 2809; x_wconf 89' lang='lat' dir='ltr'><strong>geritur,</strong></span> <span class='ocrx_word' id='word_1_182' title='bbox 795 2728 893 2790; x_wconf 84' lang='lat' dir='ltr'><strong>diiiert</strong></span> <span class='ocrx_word' id='word_1_183' title='bbox 913 2730 949 2790; x_wconf 89' lang='lat' dir='ltr'><strong>ob</strong></span> <span class='ocrx_word' id='word_1_184' title='bbox 970 2729 1020 2791; x_wconf 91' lang='lat' dir='ltr'><strong>ilto</strong></span> <span class='ocrx_word' id='word_1_185' title='bbox 1042 2745 1172 2809; x_wconf 87' lang='lat' dir='ltr'><strong>corpore</strong></span> 
     </span>
     <span class='ocr_line' id='line_1_25' title="bbox 126 2826 1172 2910; baseline -0.001 -17"><span class='ocrx_word' id='word_1_186' title='bbox 126 2837 158 2893; x_wconf 88' lang='lat' dir='ltr'><strong>et</strong></span> <span class='ocrx_word' id='word_1_187' title='bbox 191 2830 355 2909; x_wconf 88' lang='lat' dir='ltr'><strong>sanguine,</strong></span> <span class='ocrx_word' id='word_1_188' title='bbox 388 2826 467 2907; x_wconf 81' lang='lat' dir='ltr'><strong>quod</strong></span> <span class='ocrx_word' id='word_1_189' title='bbox 498 2829 529 2890; x_wconf 92' lang='lat' dir='ltr'><strong>in</strong></span> <span class='ocrx_word' id='word_1_190' title='bbox 561 2827 669 2890; x_wconf 87' lang='lat' dir='ltr'><strong>Christi</strong></span> <span class='ocrx_word' id='word_1_191' title='bbox 691 2847 819 2909; x_wconf 88' lang='lat' dir='ltr'><strong>corpore</strong></span> <span class='ocrx_word' id='word_1_192' title='bbox 842 2847 898 2910; x_wconf 89' lang='lat' dir='ltr'><strong>per</strong></span> <span class='ocrx_word' id='word_1_193' title='bbox 918 2831 1172 2892; x_wconf 88' lang='lat' dir='ltr'><strong>resurrectionem</strong></span> 
     </span>
     <span class='ocr_line' id='line_1_26' title="bbox 126 2927 1173 3010; baseline -0.002 -17"><span class='ocrx_word' id='word_1_194' title='bbox 126 2934 189 2994; x_wconf 83' lang='lat' dir='ltr'><strong>iarn</strong></span> <span class='ocrx_word' id='word_1_195' title='bbox 210 2929 405 3010; x_wconf 87' lang='lat' dir='ltr'><strong>gioriticatum</strong></span> <span class='ocrx_word' id='word_1_196' title='bbox 429 2930 632 3008; x_wconf 77' lang='lat' dir='ltr'><strong>cognoscitur.</strong></span> <span class='ocrx_word' id='word_1_197' title='bbox 673 2927 711 2990; x_wconf 86' lang='lat' dir='ltr'><strong>Et</strong></span> <span class='ocrx_word' id='word_1_198' title='bbox 736 2927 794 2990; x_wconf 90' lang='lat' dir='ltr'><strong>boc</strong></span> <span class='ocrx_word' id='word_1_199' title='bbox 816 2945 924 3009; x_wconf 90' lang='lat' dir='ltr'><strong>corpus</strong></span> <span class='ocrx_word' id='word_1_200' title='bbox 944 2929 1052 3009; x_wconf 83' lang='lat' dir='ltr'><strong>pignus</strong></span> <span class='ocrx_word' id='word_1_201' title='bbox 1073 2934 1120 2991; x_wconf 90' lang='lat' dir='ltr'><strong>est</strong></span> <span class='ocrx_word' id='word_1_202' title='bbox 1141 2935 1173 2991; x_wconf 90' lang='lat' dir='ltr'><strong>et</strong></span> 
     </span>
     <span class='ocr_line' id='line_1_27' title="bbox 124 3028 1173 3114; baseline -0.003 -19"><span class='ocrx_word' id='word_1_203' title='bbox 124 3033 259 3114; x_wconf 86' lang='lat' dir='ltr'><strong>speeies,</strong></span> <span class='ocrx_word' id='word_1_204' title='bbox 282 3028 352 3092; x_wconf 85' lang='lat' dir='ltr'><strong>ittod</strong></span> <span class='ocrx_word' id='word_1_205' title='bbox 371 3045 444 3090; x_wconf 83' lang='lat' dir='ltr'><strong>vero</strong></span> <span class='ocrx_word' id='word_1_206' title='bbox 469 3029 533 3108; x_wconf 84' lang='lat' dir='ltr'><strong>ipse</strong></span> <span class='ocrx_word' id='word_1_207' title='bbox 557 3030 677 3090; x_wconf 87' lang='lat' dir='ltr'><strong>veritas.</strong></span> <span class='ocrx_word' id='word_1_208' title='bbox 721 3029 786 3092; x_wconf 83' lang='lat' dir='ltr'><strong>Hoc</strong></span> <span class='ocrx_word' id='word_1_209' title='bbox 810 3032 887 3092; x_wconf 87' lang='lat' dir='ltr'><strong>enim</strong></span> <span class='ocrx_word' id='word_1_210' title='bbox 911 3031 1036 3111; x_wconf 83' lang='lat' dir='ltr'><strong>geritur,</strong></span> <span class='ocrx_word' id='word_1_211' title='bbox 1073 3030 1173 3092; x_wconf 88' lang='lat' dir='ltr'><strong>donee</strong></span> 
     </span>
     <span class='ocr_line' id='line_1_28' title="bbox 125 3127 1173 3210; baseline -0.004 -15"><span class='ocrx_word' id='word_1_212' title='bbox 125 3133 166 3196; x_wconf 85' lang='lat' dir='ltr'><strong>od</strong></span> <span class='ocrx_word' id='word_1_213' title='bbox 189 3130 261 3192; x_wconf 89' lang='lat' dir='ltr'><strong>iliud</strong></span> <span class='ocrx_word' id='word_1_214' title='bbox 279 3129 481 3210; x_wconf 85' lang='lat' dir='ltr'><strong>perveniatur.</strong></span> <span class='ocrx_word' id='word_1_215' title='bbox 524 3127 580 3190; x_wconf 94' lang='lat' dir='ltr'><strong>Ubi</strong></span> <span class='ocrx_word' id='word_1_216' title='bbox 610 3145 683 3190; x_wconf 85' lang='lat' dir='ltr'><strong>vero</strong></span> <span class='ocrx_word' id='word_1_217' title='bbox 715 3128 753 3191; x_wconf 89' lang='lat' dir='ltr'><strong>ad</strong></span> <span class='ocrx_word' id='word_1_218' title='bbox 784 3128 855 3192; x_wconf 89' lang='lat' dir='ltr'><strong>iliud</strong></span> <span class='ocrx_word' id='word_1_219' title='bbox 876 3136 1050 3209; x_wconf 85' lang='lat' dir='ltr'><strong>perventum</strong></span> <span class='ocrx_word' id='word_1_220' title='bbox 1074 3129 1173 3210; x_wconf 85' lang='lat' dir='ltr'><strong>tuerit,</strong></span> 
     </span>
     <span class='ocr_line' id='line_1_29' title="bbox 123 3230 1172 3311; baseline -0.006 -10"><span class='ocrx_word' id='word_1_221' title='bbox 123 3239 188 3301; x_wconf 87' lang='lat' dir='ltr'><strong>boe</strong></span> <span class='ocrx_word' id='word_1_222' title='bbox 207 3233 436 3299; x_wconf 80' lang='lat' dir='ltr'><strong>removebitur.“</strong></span> <span class='ocrx_word' id='word_1_223' title='bbox 458 3267 499 3280; x_wconf 89' lang='lat'>-</span> <span class='ocrx_word' id='word_1_224' title='bbox 520 3231 602 3305; x_wconf 83' lang='lat' dir='ltr'><strong>Quae</strong></span> <span class='ocrx_word' id='word_1_225' title='bbox 623 3238 691 3295; x_wconf 89' lang='lat' dir='ltr'><strong>sunt</strong></span> <span class='ocrx_word' id='word_1_226' title='bbox 710 3231 741 3294; x_wconf 90' lang='lat' dir='ltr'><strong>in</strong></span> <span class='ocrx_word' id='word_1_227' title='bbox 765 3231 824 3296; x_wconf 91' lang='lat' dir='ltr'><strong>boc</strong></span> <span class='ocrx_word' id='word_1_228' title='bbox 845 3231 914 3294; x_wconf 84' lang='lat' dir='ltr'><strong>leco</strong></span> <span class='ocrx_word' id='word_1_229' title='bbox 941 3230 1028 3311; x_wconf 81' lang='lat' dir='ltr'><strong>„idei</strong></span> <span class='ocrx_word' id='word_1_230' title='bbox 1049 3232 1172 3295; x_wconf 84' lang='lat' dir='ltr'><strong>nostrae</strong></span> 
     </span>
    </p>
   </div>
   <div class='ocr_carea' id='block_1_5' title="bbox 118 3393 405 3408">
    <p class='ocr_par' dir='ltr' id='par_1_6' title="bbox 118 3393 405 3408">
     <span class='ocr_line' id='line_1_30' title="bbox 118 3393 405 3408; baseline -0.007 0"><span class='ocrx_word' id='word_1_231' title='bbox 118 3393 405 3408; x_wconf 58' lang='lat' dir='ltr'><strong>W-</strong></span> 
     </span>
    </p>
   </div>
   <div class='ocr_carea' id='block_1_6' title="bbox 231 3471 1172 3628">
    <p class='ocr_par' dir='ltr' id='par_1_7' title="bbox 231 3471 1172 3628">
     <span class='ocr_line' id='line_1_31' title="bbox 232 3471 1172 3538; baseline -0.005 -12"><span class='ocrx_word' id='word_1_232' title='bbox 232 3475 389 3526; x_wconf 80' lang='lat' dir='ltr'><strong>Rotrnmnus</strong></span> <span class='ocrx_word' id='word_1_233' title='bbox 416 3483 443 3528; x_wconf 82' lang='lat' dir='ltr'><strong>et</strong></span> <span class='ocrx_word' id='word_1_234' title='bbox 462 3475 552 3538; x_wconf 86' lang='lat' dir='ltr'><strong>Lupus</strong></span> <span class='ocrx_word' id='word_1_235' title='bbox 574 3471 749 3524; x_wconf 80' lang='lat' dir='ltr'><strong>Ferrariensia</strong></span> <span class='ocrx_word' id='word_1_236' title='bbox 776 3471 903 3536; x_wconf 83' lang='lat' dir='ltr'><strong>iubente,</strong></span> <span class='ocrx_word' id='word_1_237' title='bbox 932 3481 961 3524; x_wconf 87' lang='lat' dir='ltr'><strong>et</strong></span> <span class='ocrx_word' id='word_1_238' title='bbox 982 3473 1078 3526; x_wconf 84' lang='lat' dir='ltr'><strong>Scotus</strong></span> <span class='ocrx_word' id='word_1_239' title='bbox 1104 3487 1172 3530; x_wconf 78' lang='lat' dir='ltr'><strong>„uu-</strong></span> 
     </span>
     <span class='ocr_line' id='line_1_32' title="bbox 231 3560 878 3628; baseline -0.005 -16"><span class='ocrx_word' id='word_1_240' title='bbox 231 3571 351 3614; x_wconf 65' lang='lat' dir='ltr'><strong>nueutet‘</strong></span> <span class='ocrx_word' id='word_1_241' title='bbox 374 3562 470 3614; x_wconf 80' lang='lat' dir='ltr'><strong>Cereio</strong></span> <span class='ocrx_word' id='word_1_242' title='bbox 488 3560 572 3612; x_wconf 66' lang='lat' dir='ltr'><strong>irbros</strong></span> <span class='ocrx_word' id='word_1_243' title='bbox 592 3575 654 3611; x_wconf 81' lang='lat' dir='ltr'><strong>suos</strong></span> <span class='ocrx_word' id='word_1_244' title='bbox 671 3561 878 3628; x_wconf 83' lang='lat' dir='ltr'><strong>composuerint.</strong></span> 
     </span>
    </p>
   </div>
   <div class='ocr_carea' id='block_1_7' title="bbox 154 3661 1011 3940">
    <p class='ocr_par' dir='ltr' id='par_1_8' title="bbox 154 3661 1011 3940">
     <span class='ocr_line' id='line_1_33' title="bbox 155 3661 1011 3732; baseline -0.006 -15"><span class='ocrx_word' id='word_1_245' title='bbox 155 3665 209 3731; x_wconf 83' lang='grc'><strong>81)</strong></span> <span class='ocrx_word' id='word_1_246' title='bbox 229 3663 264 3713; x_wconf 88' lang='lat' dir='ltr'><strong>ci.</strong></span> <span class='ocrx_word' id='word_1_247' title='bbox 282 3663 353 3714; x_wconf 73' lang='lat' dir='ltr'><strong>ttae.</strong></span> <span class='ocrx_word' id='word_1_248' title='bbox 373 3673 431 3717; x_wconf 77' lang='lat' dir='ltr'><strong>acts</strong></span> <span class='ocrx_word' id='word_1_249' title='bbox 449 3663 548 3716; x_wconf 79' lang='lat' dir='ltr'><strong>bened.</strong></span> <span class='ocrx_word' id='word_1_250' title='bbox 569 3677 635 3714; x_wconf 77' lang='lat' dir='ltr'><strong>saec.</strong></span> <span class='ocrx_word' id='word_1_251' title='bbox 656 3661 700 3714; x_wconf 87' lang='lat' dir='ltr'><strong>tv.</strong></span> <span class='ocrx_word' id='word_1_252' title='bbox 719 3680 746 3732; x_wconf 89' lang='lat' dir='ltr'><strong>p.</strong></span> <span class='ocrx_word' id='word_1_253' title='bbox 766 3661 799 3714; x_wconf 89' lang='lat' dir='ltr'><strong>tt.</strong></span> <span class='ocrx_word' id='word_1_254' title='bbox 819 3663 902 3731; x_wconf 83' lang='lat' dir='ltr'><strong>praef.</strong></span> <span class='ocrx_word' id='word_1_255' title='bbox 921 3677 948 3714; x_wconf 86' lang='lat' dir='ltr'><strong>n.</strong></span> <span class='ocrx_word' id='word_1_256' title='bbox 968 3661 1011 3714; x_wconf 82' lang='lat'><strong>88.</strong></span> 
     </span>
     <span class='ocr_line' id='line_1_34' title="bbox 156 3763 937 3838; baseline -0.001 -20"><span class='ocrx_word' id='word_1_257' title='bbox 156 3767 209 3830; x_wconf 73' lang='lat'><strong>82)</strong></span> <span class='ocrx_word' id='word_1_258' title='bbox 228 3767 263 3818; x_wconf 84' lang='lat' dir='ltr'><strong>cf.</strong></span> <span class='ocrx_word' id='word_1_259' title='bbox 284 3767 372 3819; x_wconf 71' lang='lat' dir='ltr'><strong>Leuis.</strong></span> <span class='ocrx_word' id='word_1_260' title='bbox 391 3769 408 3819; x_wconf 88' lang='lat' dir='ltr'><strong>i.</strong></span> <span class='ocrx_word' id='word_1_261' title='bbox 427 3785 450 3820; x_wconf 89' lang='lat' dir='ltr'><strong>e.</strong></span> <span class='ocrx_word' id='word_1_262' title='bbox 469 3785 495 3838; x_wconf 90' lang='lat' dir='ltr'><strong>p.</strong></span> <span class='ocrx_word' id='word_1_263' title='bbox 516 3767 576 3830; x_wconf 79' lang='lat' dir='ltr'><strong>tot,</strong></span> <span class='ocrx_word' id='word_1_264' title='bbox 595 3763 655 3831; x_wconf 80' lang='lat'><strong>⁷65,</strong></span> <span class='ocrx_word' id='word_1_265' title='bbox 675 3767 726 3820; x_wconf 82' lang='lat' dir='ltr'><strong>too</strong></span> <span class='ocrx_word' id='word_1_266' title='bbox 746 3775 802 3818; x_wconf 87' lang='lat' dir='ltr'><strong>not.</strong></span> <span class='ocrx_word' id='word_1_267' title='bbox 821 3767 858 3837; x_wconf 85' lang='lat' dir='ltr'><strong>a),</strong></span> <span class='ocrx_word' id='word_1_268' title='bbox 877 3764 937 3820; x_wconf 81' lang='lat'><strong>768.</strong></span> 
     </span>
     <span class='ocr_line' id='line_1_35' title="bbox 154 3869 604 3940; baseline -0.009 -16"><span class='ocrx_word' id='word_1_269' title='bbox 154 3871 208 3938; x_wconf 83' lang='grc'><strong>83)</strong></span> <span class='ocrx_word' id='word_1_270' title='bbox 233 3869 267 3922; x_wconf 82' lang='lat' dir='ltr'><strong>ct&#39;.</strong></span> <span class='ocrx_word' id='word_1_271' title='bbox 286 3869 373 3925; x_wconf 74' lang='lat' dir='ltr'><strong>Lause.</strong></span> <span class='ocrx_word' id='word_1_272' title='bbox 393 3889 418 3940; x_wconf 83' lang='lat' dir='ltr'><strong>p.</strong></span> <span class='ocrx_word' id='word_1_273' title='bbox 439 3871 488 3924; x_wconf 81' lang='grc'><strong>757</strong></span> <span class='ocrx_word' id='word_1_274' title='bbox 499 3901 532 3910; x_wconf 92' lang='grc'>-</span> <span class='ocrx_word' id='word_1_275' title='bbox 544 3871 604 3923; x_wconf 80' lang='grc'>760.</span> 
     </span>
    </p>
   </div>
   <div class='ocr_carea' id='block_1_8' title="bbox 154 3961 1173 4134">
    <p class='ocr_par' dir='ltr' id='par_1_9' title="bbox 154 3961 1173 4134">
     <span class='ocr_line' id='line_1_36' title="bbox 154 3961 1173 4046; baseline -0.007 -18"><span class='ocrx_word' id='word_1_276' title='bbox 154 3976 209 4046; x_wconf 80' lang='lat' dir='ltr'><strong>att)</strong></span> <span class='ocrx_word' id='word_1_277' title='bbox 229 3975 393 4037; x_wconf 82' lang='lat' dir='ltr'><strong>„Perfieiant</strong></span> <span class='ocrx_word' id='word_1_278' title='bbox 404 3976 431 4028; x_wconf 88' lang='lat' dir='ltr'><strong>iu</strong></span> <span class='ocrx_word' id='word_1_279' title='bbox 443 3974 520 4026; x_wconf 78' lang='lat' dir='ltr'><strong>nebit</strong></span> <span class='ocrx_word' id='word_1_280' title='bbox 532 3982 585 4035; x_wconf 79' lang='lat' dir='ltr'><strong>tuo,</strong></span> <span class='ocrx_word' id='word_1_281' title='bbox 607 3961 728 4035; x_wconf 86' lang='lat' dir='ltr'><strong>Domine,</strong></span> <span class='ocrx_word' id='word_1_282' title='bbox 742 3977 917 4035; x_wconf 80' lang='lat' dir='ltr'><strong>sacramente,</strong></span> <span class='ocrx_word' id='word_1_283' title='bbox 932 3968 1011 4041; x_wconf 83' lang='lat' dir='ltr'><strong>quod</strong></span> <span class='ocrx_word' id='word_1_284' title='bbox 1023 3969 1173 4031; x_wconf 75' lang='lat' dir='ltr'><strong>continent,</strong></span> 
     </span>
     <span class='ocr_line' id='line_1_37' title="bbox 226 4057 1172 4134; baseline -0.008 -20"><span class='ocrx_word' id='word_1_285' title='bbox 226 4071 267 4126; x_wconf 86' lang='lat' dir='ltr'><strong>ut,</strong></span> <span class='ocrx_word' id='word_1_286' title='bbox 287 4079 357 4134; x_wconf 85' lang='lat' dir='ltr'><strong>quae</strong></span> <span class='ocrx_word' id='word_1_287' title='bbox 377 4079 448 4116; x_wconf 85' lang='lat' dir='ltr'><strong>uene</strong></span> <span class='ocrx_word' id='word_1_288' title='bbox 465 4063 554 4132; x_wconf 86' lang='lat' dir='ltr'><strong>speeie</strong></span> <span class='ocrx_word' id='word_1_289' title='bbox 574 4061 697 4131; x_wconf 76' lang='lat' dir='ltr'><strong>gerimus,</strong></span> <span class='ocrx_word' id='word_1_290' title='bbox 716 4077 804 4114; x_wconf 86' lang='lat' dir='ltr'><strong>rerum</strong></span> <span class='ocrx_word' id='word_1_291' title='bbox 821 4057 934 4114; x_wconf 79' lang='lat' dir='ltr'><strong>veritate</strong></span> <span class='ocrx_word' id='word_1_292' title='bbox 954 4058 1119 4128; x_wconf 78' lang='lat' dir='ltr'><strong>capiemus.‘¹</strong></span> <span class='ocrx_word' id='word_1_293' title='bbox 1138 4087 1172 4100; x_wconf 72' lang='grc'><strong>.-</strong></span> 
     </span>
    </p>
   </div>
   <div class='ocr_carea' id='block_1_9' title="bbox 0 0 1474 4716">
    <p class='ocr_par' dir='ltr' id='par_1_10' title="bbox 0 0 1474 4716">
     <span class='ocr_line' id='line_1_38' title="bbox 0 0 1474 4716; baseline 0 2"><span class='ocrx_word' id='word_1_294' title='bbox 0 0 1474 4716; x_wconf 95' lang='lat' dir='ltr'><strong> </strong></span> 
     </span>
    </p>
   </div>
  </div>
 </body>
</html>
