2934 4710
295 351 355 416 tiit

293 527 518 613 quaerentium
541 526 620 591 itiurn
645 525 773 590 futurum
802 511 873 588 asta
895 507 1115 588 demonstrant.
1142 561 1182 576 -
1202 527 1339 607 Spbaern

291 629 436 694 coelestis
459 629 608 709 astrigera
628 625 726 690 xxti
747 627 888 689 horarum
911 627 1010 706 spatio
1033 626 1223 690 adeundam
1247 627 1338 690 ioco.

290 748 355 796 runa
379 732 467 794 situm
489 730 588 792 redita
623 726 670 792 sol
691 729 731 790 ab
752 728 831 791 idem
853 733 993 808 punctum
1016 726 1246 808 aequinoctialis
1267 728 1340 791 dia-

290 832 376 894 metri
398 832 529 911 peractis
549 829 586 892 tv
611 831 698 891 annis
721 829 828 890 ecdem
850 829 994 908 temporis
1017 834 1169 889 momento
1189 829 1338 909 perventa

290 931 368 1006 Ouid
391 933 429 994 dc
451 932 543 1007 aeris,
567 936 668 992 tarrae
684 929 894 1005 animantibus,
916 927 1056 1004 sonantis,
1075 927 1206 996 irruisti
1227 929 1338 992 Nonus

289 1031 426 1094 similiter
461 1047 514 1092 sua
550 1035 683 1108 tempora
716 1029 898 1106 observant,
920 1029 1028 1108 quibus
1047 1028 1079 1089 in
1101 1029 1211 1107 iaetus,
1234 1029 1340 1108 bores,

290 1129 373 1204 iulia,
392 1129 505 1192 iruotus
536 1129 723 1208 erumpunt?
744 1167 782 1178 -
805 1127 842 1190 Et
863 1126 1039 1208 simpliciter
1061 1126 1232 1204 dicendum,
1255 1129 1336 1192 nuiia

291 1245 438 1310 corporea
476 1233 615 1291 creatura
647 1235 694 1292 est
715 1225 796 1290 vitali
820 1233 902 1289 motu
932 1233 1092 1307 vegetata,
1114 1244 1192 1307 quae
1211 1243 1274 1290 non
1296 1229 1337 1290 ari

289 1330 465 1410 principium
485 1335 583 1392 motus
606 1329 653 1391 sui
676 1333 853 1390 revertatur.
896 1326 962 1388 iioc
984 1327 1080 1406 ipsum
1103 1327 1144 1390 de
1165 1333 1230 1390 toto
1253 1343 1335 1407 uuo·

288 1446 346 1509 quc
369 1427 479 1490 mundo
504 1426 750 1508 intelligendum:
783 1425 852 1490 bnis
873 1428 953 1488 enim
976 1427 1043 1490 cius
1066 1433 1114 1490 eat
1134 1427 1228 1508 ipsius
1247 1430 1337 1508 prin-

288 1529 406 1609 atpium,
426 1528 506 1609 quot
537 1527 647 1607 appetit
679 1534 709 1588 et
731 1543 790 1606 quo
812 1531 934 1606 reperto
957 1527 1100 1601 cessabit,
1121 1543 1183 1590 non
1205 1534 1237 1590 nt
1258 1531 1315 1591 sub

286 1629 395 1692 stantia
417 1629 511 1708 ipsius
532 1633 655 1706 pereat,
678 1626 733 1690 sed
754 1627 836 1690 utin
858 1642 967 1688 cauma
986 1643 1058 1689 suas
1080 1626 1197 1691 redeat
1219 1663 1259 1678 ·-
1281 1627 1337 1689 Si·

288 1727 396 1790 mititcr
416 1725 535 1788 animae
566 1723 754 1788 rationabilis
776 1726 1003 1805 conceptiones,
1025 1725 1106 1806 quod
1127 1727 1233 1788 artimn
1254 1725 1338 1788 iibe-

287 1827 393 1891 raiium
412 1825 552 1904 oxcrnpio
575 1825 736 1904 probatur,
758 1825 905 1905 principia
928 1833 1151 1905 sauromatum,
1174 1827 1203 1888 in
1227 1826 1338 1906 quibus

286 1926 375 1988 inem
397 1932 495 1986 motus
525 1925 571 1986 sui
601 1925 805 1986 constituunt:
827 1924 1005 2003 principium
1029 1925 1136 2004 quippe
1160 1931 1192 1986 et
1213 1923 1281 1986 bnis
1304 1927 1337 1988 in

288 2027 326 2088 iis
349 2024 488 2087 carnibus
509 2023 539 2086 id
562 2024 657 2103 ipsum
679 2029 736 2085 est.
782 2023 814 2085 in
835 2023 974 2085 omnibus
998 2023 1168 2086 hominibus
1188 2041 1265 2087 unus
1286 2030 1339 2086 at-

285 2143 343 2206 quc
366 2126 444 2187 idem
468 2125 617 2203 appetitus
641 2129 688 2184 est
709 2122 842 2198 essendi,
866 2124 944 2184 bene
965 2123 1100 2200 essendi,
1120 2123 1339 2203 perpetualiter

195 2219 197 2224 ’
287 2224 426 2288 essendi:
458 2229 489 2285 et
518 2223 544 2284 si
577 2223 675 2284 omnis
706 2229 804 2285 motus
839 2223 982 2284 naturalis
1005 2239 1066 2284 nun
1091 2223 1211 2301 desinit,
1233 2227 1338 2287 donec

286 2323 436 2388 adfinem
467 2337 553 2384 suum
591 2323 757 2400 pervoniat,
786 2321 857 2403 quiri
883 2327 1019 2383 naturam
1041 2321 1200 2386 humanam
1224 2323 1337 2387 sistere

287 2424 437 2499 valetne
467 2419 506 2482 ad
530 2419 577 2498 ib,
601 2420 681 2501 quod
704 2423 788 2501 petit,
810 2421 995 2503 perveniat?
1037 2421 1226 2503 Quapropter
1244 2423 1337 2486 etiam

285 2523 324 2584 de
347 2523 476 2584 irunrana
497 2525 602 2581 natura
619 2525 709 2602 patet,
731 2520 874 2582 addeum
896 2521 989 2600 ipsam
1007 2521 1335 2584 asseredituramti-

755 2679 785 2749 s.
808 2671 858 2735 69.

383 2821 551 2903 „iiadibunt
576 2826 674 2886 autern
710 2824 829 2899 omnia,
864 2841 943 2904 quae
969 2841 1009 2886 cx
1030 2824 1089 2887 deo
1109 2833 1336 2905 processerunt,

161 2945 167 2954 ·
284 2923 392 2988 eadem
424 2924 492 3002 via,
528 2940 586 3005 qua
615 2923 773 3004 processio
795 2924 844 2987 iiia
871 2930 919 2986 est
940 2923 1029 2988 iacta.
1071 2923 1335 3000 Quemadmodum

283 3022 372 3106 igitur
394 3023 553 3104 processio
584 3039 621 3084 ea
644 3021 715 3096 iuit,
739 3027 769 3086 ut
794 3023 894 3086 omnia
918 3040 937 3083 a
959 3022 1165 3104 superioribus
1187 3024 1226 3086 nd
1246 3023 1332 3088 inie-

286 3125 367 3186 riora
390 3123 556 3185 defluerent
577 3114 634 3198 (ci.
659 3129 689 3200 §.
712 3121 787 3202 34.),
818 3123 865 3184 sio
887 3122 975 3184 etiam
1002 3122 1032 3184 in
1052 3121 1151 3184 reditu
1185 3122 1332 3188 inferiora

284 3241 404 3304 semper
426 3223 455 3285 in
482 3222 639 3304 superiora
662 3227 883 3284 convertentur.
898 3257 947 3280 .-
968 3223 1034 3284 Νοιι
1058 3223 1137 3285 enim
1160 3241 1231 3286 vera
1252 3225 1332 3288 ratio

285 3321 372 3400 sinit,
408 3323 565 3402 superiora
601 3319 794 3383 interioribus
831 3320 879 3384 vei
911 3321 1059 3384 contineri
1083 3321 1129 3384 aei
1153 3323 1261 3386 attrahi
1283 3326 1334 3388 vei

284 3421 409 3483 absumi.
465 3421 609 3484 inferiora
646 3437 720 3482 vero
752 3437 769 3482 a
802 3421 1007 3502 superioribus
1037 3421 1212 3486 naturaiiter
1238 3427 1334 3488 attra.
1460 3479 1461 3487 ,

285 3519 394 3585 buntur
424 3527 454 3583 et
486 3521 706 3598 absorbentur,
732 3537 794 3582 non
825 3527 856 3584 ut
886 3538 948 3583 non
980 3521 1057 3600 sint,
1092 3522 1147 3586 sed
1177 3530 1209 3586 ut
1241 3524 1332 3588 iniis

282 3617 349 3701 pios
383 3618 537 3682 saisentur
559 3626 590 3682 et
621 3609 785 3682 subsistant
805 3626 834 3681 et
854 3638 942 3683 unum
965 3622 1050 3684 sinan
1087 3621 1139 3702 (V,
1162 3625 1192 3700 8,
1213 3623 1271 3700 uo;
1293 3623 1332 3704 it,

283 3721 303 3782 ὅ
324 3725 428 3799 seua-i

751 3900 781 3966 ς.
805 3889 855 3956 63.

362 4038 482 4119 „itaque
513 4038 658 4102 irrieriora
682 4061 699 4103 a
721 4041 927 4122 superioribus
959 4043 1177 4122 absorbuntur,
1210 4060 1272 4106 non
1297 4052 1330 4108 ut
1458 4091 1459 4096 ι
