2938 4716
1104 363 1142 426 91

109 547 288 610 aeternitate
318 545 349 608 in
383 545 449 625 ipso
485 543 543 604 deo
576 541 759 621 obtinuere,
790 543 1008 623 delinerentur,
1040 553 1071 608 et
1090 545 1155 610 solu

111 649 227 710 illarum
249 645 476 727 participatione
499 643 686 706 substantiali
706 677 748 694 -··
768 645 809 706 sit
828 644 859 706 id
892 647 999 726 ipsum,
1024 647 1104 726 quod
1125 649 1157 710 in

113 747 172 808 bae
194 763 297 809 rerum
329 735 525 807 universitate
556 761 629 806 vere
652 761 690 806 an
710 746 833 825 proprie
854 761 924 808 esse
944 745 1070 826 dicatur,
1092 763 1160 810 om-

113 848 195 910 nium
215 864 315 908 rerum
345 845 490 920 essentia,
527 844 705 906 substantia.
741 845 895 908 Postremo
926 845 1036 908 Natura
1058 853 1161 910 creata

115 963 178 1009 non
201 962 322 1023 creans,
360 963 415 1026 per
445 950 576 1006 creatam
598 951 750 1006 creantem
772 962 811 1007 ex
832 963 894 1008 non
917 952 1019 1009 creata
1040 953 1162 1010 creante

117 1047 356 1110 substantialiter
386 1045 524 1124 evoluta,
560 1045 687 1108 eandem
708 1046 787 1106 viam
810 1063 961 1126 remensa,
979 1047 1164 1112 substantia-

117 1147 188 1210 liter
205 1149 237 1208 in
260 1164 321 1208 non
343 1152 473 1208 croatam
494 1152 646 1207 creantem
665 1145 837 1208 revolvetur
850 1150 901 1226 ¹⁵).

204 1247 302 1310 Habet
330 1247 420 1328 igitur
452 1245 560 1310 Scotus
600 1261 699 1326 neque
721 1244 809 1308 ullam
840 1264 965 1328 prorsus
996 1248 1027 1310 in
1048 1247 1107 1310 ulla
1128 1262 1165 1310 re

123 1347 331 1421 substantiam,
350 1348 408 1409 nisi
430 1347 625 1409 substantiam
647 1345 787 1428 divinam,
810 1353 840 1410 el
863 1347 950 1412 deum
966 1349 1004 1410 ab
1023 1349 1164 1430 itaquae

127 1448 253 1524 creavit,
274 1447 359 1528 quasi
383 1449 551 1527 separatum
575 1453 664 1527 atque
685 1447 861 1511 seiunctum.

210 1546 297 1620 (tuae
320 1564 386 1610 cum
407 1549 448 1608 ila
470 1547 548 1624 sint,
581 1563 638 1608 nos
675 1547 794 1628 quidem
824 1545 960 1628 prolecto
995 1565 1058 1610 non
1080 1547 1169 1610 vide-

125 1664 201 1724 mus,
222 1663 282 1727 qua
303 1649 421 1709 ratione
440 1647 501 1725 liat,
526 1652 568 1726 ut,
593 1647 641 1729 qui
665 1647 752 1726 paulo
774 1649 914 1710 attentius
934 1665 997 1710 rem
1017 1654 1170 1711 tractave-

127 1749 188 1826 rit,
221 1747 397 1828 simulatque
431 1747 583 1828 timpora,
618 1748 767 1810 communi
789 1745 915 1810 forsitan
946 1747 1088 1830 loquendi
1113 1765 1171 1809 usn

129 1849 284 1924 serviens,
314 1849 356 1909 ila
390 1845 444 1908 luit
474 1845 606 1925 loeutus,
639 1849 724 1926 quasi
757 1847 844 1910 deum
880 1847 990 1910 babeat
1018 1866 1036 1910 a
1061 1849 1171 1910 creatis

131 1949 221 2011 rebus
245 1947 415 2026 diversum,
437 1947 578 2008 contiuuo
602 1945 716 2010 ollendi
737 1948 795 2010 sibi
818 1947 964 2025 videatur,
983 1949 1173 2028 sputumque,

133 2047 323 2128 abantiquis
358 2047 540 2127 temporibus
568 2045 747 2127 pantheismi
780 2054 969 2125 accusatum,
998 2064 1059 2111 non
1082 2047 1173 2111 modo

134 2147 370 2224 absolvendum,
401 2165 503 2209 verum
528 2148 617 2208 etiam
639 2147 720 2209 omni
742 2146 890 2210 honorum
912 2165 1046 2229 genere,
1067 2165 1174 2229 ,quum

135 2249 273 2310 amussim
302 2248 438 2309 veritatis
471 2263 532 2308 non
554 2247 594 2308 sit
614 2254 856 2328 transgressus,“
891 2254 1016 2310 censeat
1037 2255 1174 2310 maotan.

136 2350 202 2410 dum
230 2354 319 2430 atque
342 2346 521 2429 augendum.
570 2348 673 2427 Neque
706 2347 828 2410 hercule
859 2347 1071 2426 salinatores,
1106 2348 1176 2410 dum

140 2449 196 2510 hac
219 2451 348 2525 ratione,
369 2456 401 2510 ut
422 2465 502 2510 nunc
521 2464 538 2508 a
557 2449 646 2510 uobis
667 2454 719 2510 est·
733 2449 879 2528 exposita,
897 2449 1085 2528 ipsumsooti
1107 2448 1177 2528 pbi-

139 2549 304 2630 losopbiam
327 2551 499 2631 perspicere
526 2549 707 2622 studuisset,
731 2557 789 2614 tam
811 2549 921 2613 frustm
942 2568 980 2612 eo
1003 2550 1177 2612 excusando

141 2658 227 2732 atque
258 2647 450 2712 defendendo
483 2656 565 2712 esset
596 2656 730 2714 conatus.
803 2650 911 2715 ilerum
940 2650 1018 2714 inira
1047 2650 1178 2732 pluribus

187 3043 230 3114 15)
248 3039 433 3111 „Siquidemu
460 3041 555 3094 Scelus
577 3041 639 3104 (lib.
669 3041 716 3104 llt,
736 3057 793 3112 cap.
811 3040 849 3111 l.)
868 3041 915 3104 alt,
931 3059 981 3100 „er
999 3042 1075 3094 fonte
1095 3048 1181 3094 tutum

244 3127 342 3178 llumen
361 3126 549 3197 principaliter
577 3135 676 3190 manat,
695 3137 723 3178 et
741 3145 788 3198 per
806 3130 863 3180 eius
882 3129 987 3180 alveum
1008 3145 1094 3199 aqua,
1113 3146 1182 3200 quae

242 3217 329 3286 primo
362 3216 445 3283 surpta
472 3217 500 3267 in
528 3215 618 3277 fonte,
643 3231 749 3286 semper
775 3233 805 3268 nc
833 3217 893 3268 sinn
911 3215 968 3268 ulla
985 3217 1183 3270 intermistione

245 3301 422 3356 defunditur:
441 3304 478 3354 sle
498 3303 590 3356 divina
603 3304 710 3355 bonitus
721 3311 749 3356 et
769 3307 884 3356 essentia
903 3305 1003 3356 etrite
1025 3313 1053 3356 et
1072 3307 1183 3374 eapien-

244 3391 283 3442 tin
304 3399 332 3442 et
349 3392 448 3453 omnia,
467 3407 537 3462 quae
556 3391 583 3442 in
601 3391 678 3442 sonte
693 3392 877 3462 omnium¹⁶(h.
890 3391 951 3449 ain
970 3391 1022 3444 den
1035 3389 1133 3465 [ct.lv‚
1144 3393 1184 3462 ll)

246 3487 319 3540 aunt,
338 3481 424 3546 primo
456 3479 486 3529 ln
513 3478 701 3548 primordiales
729 3497 820 3530 caurus
844 3479 984 3542 defluunt,
1015 3487 1043 3531 et
1060 3495 1104 3530 ena
1127 3495 1184 3531 esre

249 3565 367 3627 iaciunt3
390 3564 491 3616 deiude
520 3581 568 3634 per
594 3565 781 3635 primordiales
800 3583 892 3618 causas
910 3569 939 3618 in
960 3583 1050 3618 earnm
1073 3570 1185 3618 effectur

247 3653 375 3704 ineltnnili
396 3653 479 3704 nando
499 3669 547 3723 per
576 3655 768 3706 convenienter
791 3653 842 3705 sibi
873 3654 1055 3706 universitatis
1078 3653 1186 3704 ordiner

249 3739 411 3801 decurrunt,
444 3755 493 3809 per
522 3740 660 3809 superiora
690 3757 797 3812 semper
825 3739 859 3791 ad
884 3741 1011 3793 inferiora
1032 3739 1187 3802 defluentia,

249 3826 402 3896 iterumque
435 3845 484 3896 per
513 3829 702 3880 secretissimos
739 3837 850 3880 naturae
891 3847 970 3898 poros
1007 3829 1187 3880 occultissimo

250 3921 339 3964 meatu
359 3911 394 3963 ad
420 3914 521 3965 iontem
551 3931 627 3966 auum
653 3915 793 3966 redeunt.·¹
835 3916 1004 3988 Quamquam
1033 3924 1121 3966 nutem
1139 3913 1189 3964 hac

253 3999 356 4052 ratione
374 4000 405 4052 lit
423 4004 452 4053 iu
471 4002 595 4053 omnibus
615 4004 703 4055 omnia
716 4003 798 4067 Deus,
817 4012 905 4057 tamen
924 4003 1110 4074 superomnia
1131 4017 1189 4054 esea

251 4101 305 4140 nou
323 4087 444 4147 distata«
461 4087 521 4160 (tll,
539 4089 598 4157 20.)
