2938 4716
1143 348 1186 412 to

151 523 285 586 lortasm
314 520 372 582 hac
399 519 464 582 sola
488 518 526 580 sle
554 535 645 582 causa
673 537 774 582 veram
796 519 1008 604 philosophiam
1030 544 1096 590 cum
1119 549 1191 596 vera

149 621 301 703 religione
322 618 449 682 eandem
473 618 600 696 fecisse,
623 626 653 681 ut
675 621 874 700 significaret,
896 641 949 685 eas
970 625 1047 686 inter
1067 645 1101 690 se
1121 631 1194 696 nihn

150 739 278 804 prorsus
300 720 438 782 reluctari
469 725 519 782 aut
548 718 712 782 adversari.
755 719 819 793 Qua
854 739 889 782 re
918 723 997 801 lieri,
1029 733 1061 788 ut
1088 737 1192 807 (quum

149 828 260 884 neutra
279 823 375 882 nentri
400 820 602 892 obtrectaret,
631 819 685 880 sed
718 820 810 882 altera
839 839 905 884 cum
937 823 1031 886 altera
1061 843 1193 889 concor-

149 925 279 986 dissime
299 929 389 1004 quent
411 922 531 995 vivere)
554 923 642 982 etiam
668 921 770 998 altera,
799 924 974 1005 simulatque
996 933 1047 990 aut
1067 947 1195 996 necesse

150 1031 205 1086 ant
226 1021 415 1084 commodum
436 1037 505 1082 esse
526 1021 620 1082 visum
642 1021 689 1098 sit,
709 1023 740 1082 in
761 1020 881 1084 alterius
896 1024 1034 1088 auxilium
1049 1027 1195 1092 advocari
1301 1107 1305 1118 .

150 1124 259 1203 possit.
281 1157 324 1168 —

215 1224 333 1302 ,suque
352 1238 443 1299 super
464 1222 530 1302 ipso
552 1221 652 1284 Nostri
672 1222 748 1283 libro
771 1221 807 1284 de
828 1225 1101 1303 praedestinatione
1122 1230 1196 1292 satis

151 1323 264 1385 dictum
286 1331 350 1399 est;
372 1322 600 1402 progrediamur
620 1321 657 1382 ad
684 1323 806 1402 reliqua.

243 1424 398 1504 Postquam
420 1425 509 1503 igitur
529 1423 625 1484 editus
649 1430 695 1484 est
714 1423 795 1486 Scoli
816 1423 901 1500 liber,
931 1425 1061 1502 wenilo,
1077 1428 1195 1490 archi-

149 1525 312 1604 episcopus
325 1524 522 1598 senonensis,
539 1539 615 1601 qvvae
627 1521 682 1600 „ab
699 1523 846 1584 intellectu
859 1541 913 1586 suo
927 1543 962 1586 se
976 1526 1195 1606 quodammodo

151 1624 331 1685 divertentia
355 1629 486 1698 essent‚“
507 1625 537 1683 in
558 1640 595 1683 eo
619 1621 823 1702 deprehendit.
847 1624 1036 1706 Undeviginti
1051 1626 1126 1689 haec
1141 1647 1197 1690 ea-

150 1724 264 1804 pitihus
295 1729 384 1803 (quot
406 1723 493 1783 etiam
519 1722 585 1784 lihri
606 1723 703 1802 capita
726 1741 794 1784 esse
816 1723 959 1800 diximus)
980 1726 1197 1806 comprehensa

99 1833 104 1840 '
150 1826 235 1887 misit
248 1843 272 1886 s.
287 1823 457 1900 Prudentio‚
479 1825 621 1905 episcopo
636 1823 816 1902 Tricassino‚
837 1833 1093 1908 ut„quaecunque
1114 1832 1143 1890 in
1161 1831 1198 1894 iis
1286 1859 1291 1870 ·

150 1944 171 1988 a
196 1943 269 1987 vero
291 1925 488 1986 exorbitantia
511 1925 726 2004 comperisset,
750 1925 910 2004 unicuique
940 1924 978 1988 de
995 1927 1078 1988 libris
1101 1945 1197 1988 evan-

147 2024 259 2108 gelicis
281 2032 311 2087 et
330 2024 545 2088 catholicorum
566 2025 721 2088 doctorum
743 2025 969 2088 auctoritatibus
989 2026 1118 2088 devianti
1143 2045 1199 2088 ca-

148 2125 263 2207 pitulo,
291 2141 427 2206 congrua
457 2123 647 2204 depromeret
673 2125 793 2188 ahunde
821 2127 1047 2204 responsa⁶³Jss
1094 2126 1197 2206 Neque

148 2225 322 2288 wenilonis
355 2223 536 2286 voluntatem
568 2225 702 2306 neglexit
737 2223 921 2288 Prudentius.
968 2227 1065 2288 Arntea
1098 2232 1197 2288 tannen

149 2329 247 2408 ipsum
269 2329 352 2390 Scoti
373 2328 440 2389 libri
463 2343 651 2408 cognoscere
672 2325 772 2388 voluit.
799 2325 830 2388 ld
856 2343 924 2388 cum
941 2327 997 2406 ipsi
1018 2343 1072 2388 usu
1093 2327 1197 2388 venis·

149 2435 209 2508 sel,
230 2430 373 2508 peculiari
398 2446 464 2490 eum
488 2428 651 2509 scriptione
675 2426 869 2490 vehementer
889 2427 1134 2508 oppugnacula).

238 2530 302 2602 Qua
320 2530 350 2591 in
371 2547 405 2590 re
428 2529 603 2590 adiutricem
625 2535 730 2591 nactus
753 2534 798 2590 est
820 2527 987 2592 Ecclesiam
1012 2527 1193 2610 Lugdunen.

149 2633 279 2704 serati).
322 2630 396 2692 Nam
427 2628 564 2691 adhunc
588 2646 707 2710 quoque
727 2633 890 2708 „venerant
912 2628 1063 2708 vaniloqui
1084 2627 1192 2704 (illius)
1288 2623 1291 2628 ’

147 2734 185 2790 et
218 2728 332 2808 garruli
361 2727 488 2792 hominis
517 2730 692 2809 scripta-
718 2736 822 2792 contra
852 2728 939 2790 fidem
972 2745 1009 2790 ac
1038 2731 1193 2792 veritatem

149 2829 211 2892 Dei
233 2827 319 2908 plena
344 2828 493 2892 mendacii
515 2835 546 2890 et
567 2829 710 2907 erroris,“
731 2846 808 2908 quae
830 2828 927 2890 doctis
949 2827 1066 2907 quidem
1091 2827 1192 2890 homi-

149 2927 242 2990 nihus
260 2928 333 2991 risui
353 2935 464 3005 essent,
484 2927 522 2990 ah
543 2927 680 2992 indoctis
693 2935 802 3002 autem,
823 2929 931 3008 quique
948 2927 1025 2990 illum
1042 2925 1189 2990 hominem

149 3028 257 3110 „quasi
277 3027 424 3090 eruditum
453 3029 641 3092 admirationi
671 3028 848 3105 haherent,“
880 3045 941 3090 non
971 3029 1036 3090 sine
1063 3045 1190 3108 summo,
1224 3105 1227 3112 Ι

186 3279 235 3348 53)
256 3281 291 3331 el.
311 3299 332 3331 s.
353 3279 429 3334 Prud.
450 3279 484 3332 de
503 3279 594 3332 Praevl.
611 3279 675 3330 adv.
697 3279 769 3332 Scot.
790 3277 873 3348 praei.
901 3307 933 3320 -·
960 3277 1118 3329 Mamlribl.
1137 3293 1187 3348 pa·

251 3376 320 3419 trum
341 3367 422 3435 Luget.
442 3377 505 3420 torm.
525 3367 571 3419 xv
589 3385 616 3438 p.
633 3365 684 3419 467
705 3365 733 3417 F.

184 3455 235 3522 54)
255 3457 289 3509 cf.
308 3464 364 3506 not.
385 3471 461 3526 pros.
481 3459 656 3525 repertorem.

184 3543 235 3608 55)
255 3542 291 3593 cs.
312 3541 411 3594 Ecclea.
427 3543 511 3609 Lugd.
532 3544 579 3593 lib.
598 3541 658 3592 ads.
677 3541 749 3594 Scoti
769 3555 893 3592 erroneas
911 3537 1093 3590 definitiones.
1113 3536 1184 3588 ilas.

249 3628 318 3682 blut.
339 3637 450 3698 patrum.
470 3629 516 3680 l.l.
538 3647 564 3699 p.
582 3629 633 3682 611
653 3645 728 3700 seqq.
747 3655 781 3670 -ι
802 3627 870 3697 Quis
895 3626 966 3677 huuc
989 3625 1087 3678 librum
1111 3639 1186 3674 cam-

250 3717 378 3786 posuerit,
397 3717 528 3769 incertum
547 3726 595 3768 est.
631 3715 708 3778 Sunt,
725 3717 771 3786 qni
793 3715 910 3777 florum,
935 3711 1120 3780 Lugdunensis
1138 3725 1184 3760 ec·

250 3803 349 3854 clasiae
369 3802 510 3853 diaconum
529 3804 587 3854 sins
604 3813 738 3856 auctorem
750 3802 851 3862 dicant,
869 3808 1043 3858 eunuchum,
1063 3799 1109 3867 qui
1123 3813 1186 3850 autu

251 3907 273 3942 s.
292 3889 421 3956 Remigio,
437 3888 553 3959 archiep.
572 3890 656 3958 Lugd.
675 3897 723 3942 aut
739 3888 854 3948 Ehbouh
879 3887 962 3958 episc·
983 3881 1186 3954 Gratianopoli-
1233 3889 1245 3912 ⁰

249 3985 332 4040 trau,
359 3976 520 4036 adscribant.
556 3977 596 4031 Cf.
623 3976 724 4030 Ludos.
753 3975 849 4028 Cellot.
876 3975 903 4028 S.
933 3977 954 4027 l.
972 3973 1035 4026 hist·
1056 3969 1184 4022 Gothus.

253 4061 479 4137 pfflw-
599 4091 603 4098 ·
