2944 4714
631 241 785 342 ...H-

163 429 312 510 iavariut,
328 435 360 496 et
373 431 451 498 ioibl
466 445 524 518 pro
538 437 662 500 sanotae
676 433 781 498 matris
796 429 949 500 eccleciae
958 429 1158 510 exaltatione,
1173 433 1253 498 bae-

161 537 266 584 resum
293 519 509 602 estimatione,
531 521 757 586 haereticorum
780 528 812 586 et
838 518 1007 586 infidelium
1034 523 1252 598 conversione,

163 609 247 672 iuter
262 605 449 673 christianos
464 613 620 691 principes
644 608 835 674 concilianda
864 617 894 671 et
910 608 1044 672 fovenda
1066 627 1153 689 paee,
1173 627 1253 674 eon-

161 694 268 761 cordia
292 701 324 757 et
346 697 474 777 unione,
494 715 529 762 ao
554 698 674 762 romani
698 697 850 776 pontificis
876 695 987 772 salute,
1012 697 1078 776 pios
1101 697 1138 760 ad
1155 697 1251 760 Deum

162 799 272 864 preces
290 781 467 862 effuderint,
492 803 554 867 qno
579 785 630 849 die
646 785 725 848 testo
744 783 880 864 praelato
898 785 926 845 tet
943 799 1000 863 pro
1017 791 1157 864 tempore
1172 801 1252 865 ege·

160 871 234 942 rint,
255 867 479 952 indulgentiam
507 873 676 955 plenarium
701 874 836 936 omnium
859 877 890 933 et
916 869 1110 953 singulorum
1125 889 1252 934 suorum

159 963 358 1037 poeoniorum
387 961 508 1024 veniam
539 967 570 1024 ct
601 959 836 1037 remissionem,
863 957 1032 1040 apostolica
1056 957 1252 1037 authoritate,

160 1049 312 1124 perpetuo
328 1047 526 1112 concedimus
541 1055 573 1112 et
586 1046 762 1130 elargimur.

249 1130 411 1198 Praeterea
428 1134 538 1198 iisdem
554 1134 762 1199 confratribus
777 1133 921 1196 similiter
940 1151 1017 1196 vere
1033 1134 1253 1214 paenitentibus

160 1224 195 1281 et
208 1217 372 1296 molossis,
388 1239 426 1284 ac
441 1221 521 1286 diota
536 1239 622 1288 eaora
639 1221 856 1286 communione
871 1221 963 1284 etiam
975 1220 1112 1297 retectis,
1127 1222 1181 1302 qui
1196 1239 1253 1286 ec-

162 1303 286 1368 clesiam
309 1308 477 1386 praelatam
503 1311 533 1372 in
550 1309 784 1385 Purifioattoois,
805 1307 1075 1383 Annunoiationis,
1099 1308 1253 1390 Assurnp-

162 1393 268 1470 tionis,
284 1392 472 1476 Nativitatis,
495 1397 607 1460 Beatoe
623 1397 738 1460 Mariae
754 1396 891 1472 Virginis
907 1395 995 1458 lestis
1018 1395 1138 1473 diebus,
1162 1398 1254 1460 annis

160 1479 296 1560 singulis
320 1482 412 1546 etiarn
438 1485 551 1548 devote
574 1489 717 1565 utsupra
742 1484 951 1560 visitaverint,
976 1497 1012 1544 ac
1032 1489 1065 1546 ut
1086 1483 1253 1562 praelator,

162 1568 335 1644 oraverint,
359 1587 422 1650 quo
438 1571 489 1635 die
505 1578 638 1652 quatuor
652 1573 859 1652 posteriorum
877 1569 1024 1634 testorom
1052 1568 1170 1633 dierum
1191 1568 1254 1634 bu-

157 1653 308 1734 jusmodi,
325 1655 355 1719 id
372 1675 429 1734 pro
446 1667 585 1738 tempore
602 1659 744 1736 iecerint,
759 1664 877 1738 septem
889 1673 988 1720 annos
997 1664 1029 1720 et
1037 1656 1163 1722 totidem
1173 1673 1254 1740 qoa-

161 1739 325 1820 drogones.
364 1743 522 1813 Postremo
545 1746 662 1809 eisdem
687 1744 895 1810 confratribus
922 1745 1044 1824 quoties
1073 1745 1175 1807 missis
1197 1761 1253 1809 sen

119 1891 125 1906 ,
158 1826 232 1891 aliia
246 1828 360 1892 divinis
376 1833 500 1912 ostiolis,
517 1835 548 1897 in
569 1833 676 1897 eadem
692 1833 834 1907 eeclesia,
859 1847 945 1894 more
961 1829 1149 1896 contratrum
1165 1831 1253 1894 cele-

161 1914 287 1980 brandis
302 1925 354 1982 aut
369 1921 667 2006 congregationibus
683 1919 826 2001 publicis,
847 1915 898 1982 vel
913 1918 1044 1981 secretis
1060 1919 1157 1997 ipatus
1172 1935 1253 1982 con-

160 2002 374 2082 lrateroitatis,
397 2025 454 2086 pro
471 2025 667 2092 quocumque
682 2024 779 2090 opere
794 2009 846 2087 piu
864 2003 1040 2068 exercendo
1055 2003 1106 2068 vel
1121 2022 1253 2088 procoe-

160 2090 300 2156 aionibus
316 2093 483 2160 ordinariis
500 2096 551 2160 vel
568 2095 834 2171 extraordinariis,
851 2099 910 2156 tam
926 2093 1027 2156 dictae
1042 2092 1253 2156 confraterni-

161 2179 242 2254 tatis,
259 2195 349 2258 quam
366 2183 447 2262 aliis,
465 2185 504 2248 do
521 2183 645 2247 licentia
661 2183 810 2246 ordinarii
827 2181 988 2256 iaciendis,
1016 2180 1065 2242 vel
1092 2177 1254 2259 sepelien-

162 2265 214 2330 dis
229 2270 361 2332 mortuis
376 2271 516 2338 oiboiose
532 2271 740 2346 interfuerint,
762 2276 815 2334 aut
830 2269 928 2347 ipsum
944 2268 1170 2330 sanctissimum
1185 2266 1253 2330 llu-

161 2353 327 2420 obaristiae
350 2359 598 2436 Sacramentum,
619 2358 690 2422 dum
712 2359 750 2422 ad
773 2358 907 2437 aliquem
933 2355 1083 2418 iotirnnum
1105 2354 1253 2433 dolentur,

163 2444 470 2523 amnemamnem
499 2449 551 2530 qui
576 2445 637 2512 lroo
656 2446 761 2510 tacere
784 2443 939 2524 impediti,
965 2459 1131 2522 campanae
1156 2442 1193 2506 ad
1220 2443 1253 2506 id

162 2532 255 2611 signo
270 2531 353 2613 dato,
374 2537 509 2615 genibus
532 2535 622 2600 lteris
638 2534 735 2598 semel
751 2534 922 2596 orationem
939 2529 1122 2594 dominicam
1149 2537 1181 2593 et
1195 2547 1250 2594 sa·
1291 2553 1295 2564 ⁸

161 2619 342 2684 tutationem
363 2621 543 2704 angelicam,
566 2640 624 2704 pro
647 2623 767 2686 intirmo
785 2621 997 2694 recitaverint,
1023 2617 1073 2680 vel
1095 2635 1252 2700 pauperes

161 2709 349 2792 peregrinos
366 2709 501 2791 bospitio
517 2712 708 2791 exceperint,
724 2716 776 2773 aut
791 2707 1001 2788 eleemosynis
1018 2711 1050 2768 et
1065 2703 1175 2770 otiioiis
1192 2705 1253 2771 ad-

156 2798 309 2881 juverint,
333 2805 386 2860 out
401 2817 507 2878 paoem
524 2817 591 2862 oum
608 2799 741 2862 inimicis
757 2797 890 2876 propriis
913 2790 964 2856 vel
988 2790 1098 2854 alienia
1120 2809 1253 2874 compo·

160 2885 291 2960 suerint,
314 2884 384 2948 sive
404 2885 527 2951 devium
552 2886 685 2967 aliquem
701 2883 739 2947 ad
763 2885 843 2946 viam
859 2881 968 2945 salutis
984 2879 1177 2958 reduxerint,
1201 2887 1254 2942 aut

160 2974 358 3053 ignorantem
373 2971 430 3036 [tei
451 2981 617 3056 praecepta
642 2981 673 3036 ct
696 2989 775 3056 quae
798 2969 835 3034 ad
858 2967 987 3032 salutem
1009 2966 1180 3042 docuerint,
1202 2966 1253 3030 vel

162 3061 300 3125 infirmos
315 3059 523 3141 visitaverint,
539 3079 657 3143 eosque
673 3062 704 3124 in
722 3077 832 3144 eorum¹
846 3053 1084 3120 adversitatibus
1100 3052 1253 3119 consolati

161 3149 287 3225 moriat,
303 3154 356 3210 aot
371 3150 537 3231 quinquies
553 3151 737 3224 orationem,
753 3152 806 3211 aut
821 3145 914 3210 toties
930 3141 1146 3208 salutationem
1158 3159 1252 3220 prac-

162 3236 252 3310 latas,
267 3253 325 3315 pro
341 3237 501 3302 animabus
517 3236 705 3302 contratrum
722 3233 821 3298 diotae
838 3231 1100 3310 confraternitatis
1115 3231 1146 3292 in
1159 3227 1253 3292 Citri-

161 3323 201 3388 ati
218 3319 366 3386 charitate
380 3326 590 3401 recitaverint,
615 3331 668 3388 aut
682 3320 807 3404 aliquod
823 3320 906 3383 aliud
922 3317 1093 3399 spiritualis
1108 3313 1158 3380 vel
1175 3333 1252 3380 cor.

161 3407 279 3494 poralis
301 3411 535 3478 misericordiae
559 3431 638 3493 opus
660 3410 876 3481 exercuerint,
908 3406 1001 3470 toties
1030 3421 1089 3485 pro
1113 3401 1253 3484 quolibet

159 3499 401 3581 praemissorum
423 3502 545 3581 piorum
573 3499 739 3576 exercitio,
768 3495 930 3576 sexaginta
952 3493 1019 3556 dies
1043 3491 1083 3553 de
1105 3490 1251 3572 injunctis

159 3587 219 3664 xeis,
234 3591 287 3649 aut
302 3583 378 3650 alias
393 3587 628 3666 quomodolibet
642 3587 756 3650 debitis
771 3581 972 3665 poenitentiis,
994 3575 1250 3642 misericordiali-

162 3680 210 3736 ter
226 3674 256 3736 in
270 3673 403 3738 Domino
419 3675 510 3738 etiam
527 3681 678 3756 perpetuo
690 3671 875 3744 relaxamus,
892 3665 1118 3751 praesentibus,
1133 3683 1250 3747 perpe-

160 3759 223 3824 tuis
237 3761 350 3824 tutoris
366 3763 556 3842 temporibus
570 3761 736 3826 duraturis.
1039 3767 1043 3780 ·

247 3847 396 3912 Volumus
410 3855 512 3912 eutem
528 3847 653 3931 quodsi
669 3849 750 3912 dicta
759 3843 1020 3912 confraternitatis
1035 3840 1127 3904 alicui
1143 3840 1251 3906 arciri-

161 3933 407 4002 conirateraitati
422 3945 593 4022 aggregate
607 3938 659 4012 sit,
681 3934 731 4000 vel
746 3935 777 3996 in
796 3937 952 4012 postorum
967 3937 1171 4012 aggregetur,
1193 3945 1249 3992 seo

161 4023 271 4106 quavis
292 4021 351 4084 elia
377 4026 510 4102 ratione,
531 4027 581 4088 vel
598 4041 699 4097 causa,
722 4039 777 4102 pro
803 4021 887 4083 illius
909 4016 1109 4098 indulgentiis
1133 4033 1249 4080 conse·

161 4109 294 4190 qoeodis
308 4118 361 4174 aui
376 4111 415 4174 de
430 4111 494 4178 titis
508 4110 729 4193 participandis
745 4108 903 4182 uniantur,
918 4113 971 4170 aut
985 4106 1061 4170 alias
1071 4103 1247 4185 quomodo-

160 4196 238 4262 libet
258 4197 451 4277 instituatur,
479 4201 601 4281 priores
628 4215 685 4264 seu
707 4195 836 4280 quaevis
858 4194 939 4260 oliae
969 4193 1090 4259 litterae
1114 4191 1249 4272 desuper
