2934 4710
1124 317 1181 380 tao

246 497 314 561 lllos
336 501 435 560 autem
457 497 505 577 qui
528 495 559 558 in
592 493 710 576 Hegelii
739 493 830 558 verha
846 496 989 576 iurarunt,
1009 497 1101 582 longe
1125 499 1182 562 alia

141 600 273 675 ratione,
297 618 333 661 ae
361 598 511 675 Nostrum,
541 597 571 658 in
607 598 680 658 istns
705 597 863 676 opiniones
895 598 1034 680 delapsos
1057 607 1185 663 constat

245 701 402 780 Postquam
430 699 520 780 igitur
543 697 834 776 demonstravimus,
863 697 966 777 quales
988 717 1106 781 poenae
1127 705 1187 765 sint

145 803 275 878 lamnae,
295 800 334 890 pu
357 799 484 862 alteram
506 801 712 881 quaestionem
734 799 988 881 progrediendum
1010 809 1066 866 est.

229 901 265 980 h)
288 901 345 975 Qui
370 901 429 963 sint
448 899 616 981 puniendi?
637 935 679 948 -·

245 1001 329 1062 llaec
362 989 500 1080 quaestio
533 1018 610 1062 vona
638 1001 768 1066 lortasse
800 1001 948 1063 videatur.
994 1001 1024 1064 Si
1058 1003 1106 1082 qui
1129 1001 1188 1064 sint

143 1099 301 1182 puniendi,
340 1105 423 1164 terte
454 1083 622 1182 puniendos
656 1120 726 1164 esse
756 1102 893 1164 homines
925 1101 1041 1182 impios.
1078 1141 1118 1153 -
1147 1104 1189 1164 At

144 1201 227 1282 apud
255 1202 376 1266 Scotum
405 1219 456 1264 res
489 1208 537 1263 est
565 1202 725 1266 admodum
759 1220 880 1284 magna.
946 1201 1056 1264 Scribit
1092 1202 1188 1264 eninr:

147 1303 252 1382 „ipsos
274 1301 412 1364 homines
443 1302 555 1384 impios
585 1302 614 1366 h.
635 1321 663 1365 e.
690 1305 844 1383 impiorum
868 1302 1019 1363 hominum
1042 1309 1188 1382 naturam,

149 1402 365 1478 substantiam,
392 1408 495 1482 utpote
525 1419 602 1484 quae
630 1405 668 1466 ah
699 1405 764 1484 ipso
798 1403 857 1465 deo
885 1401 1021 1483 prolecta
1041 1403 1088 1481 sit,
1108 1404 1188 1466 nullo

147 1509 240 1584 pacto
269 1520 360 1582 posse
387 1499 512 1583 puniri.“
542 1540 583 1553 -
620 1504 670 1582 (V,
695 1504 829 1582 :tu-31,
856 1503 917 1581 353
937 1503 974 1564 de
996 1505 1101 1584 praed.
1125 1523 1189 1587 sup.

149 1622 218 1684 cap.
241 1603 304 1678 tv.)
335 1604 453 1684 „Neque
486 1604 562 1666 haec
591 1605 700 1685 poenis
731 1611 776 1666 est
798 1604 899 1684 digna,
921 1619 1009 1682 quum
1031 1605 1094 1684 ipsa
1118 1605 1191 1668 nihil

146 1711 256 1784 peccet
277 1711 327 1764 aut
348 1721 477 1784 peceare
499 1711 614 1784 queat.“
636 1704 691 1780 (el.
714 1711 741 1778 §.
764 1706 815 1783 57,
836 1705 873 1784 A,
894 1702 934 1781 Ι.)

251 1804 451 1866 Nihilominus
482 1812 648 1884 „tormenta
680 1805 748 1882 illa,
776 1817 869 1886 (quae
898 1821 1015 1886 poenae
1041 1803 1192 1880 dicuntur)

157 1906 285 1967 naturali
318 1906 478 1983 suhieclo,
511 1906 590 1986 quod
629 1913 796 1986 torqueant,
829 1921 934 1968 carere
956 1922 1019 1968 non
1039 1911 1194 1988 possunt.“

152 2003 205 2082 tl,
226 2004 264 2068 3⁰
287 2015 394 2085 senet
1009 2081 1011 2085 ,

254 2105 338 2178 Quae
362 2103 496 2184 ,nodosa
520 2103 674 2183 perplexio
695 2111 730 2165 nt
755 2101 985 2179 iustesolvatur,
1005 2101 1193 2165 statuendum

150 2213 220 2280 est,
251 2205 348 2284 puniri
377 2203 509 2284 aliquid,
544 2204 623 2283 quod
659 2221 719 2266 non
748 2205 787 2265 sit
806 2203 982 2282 substantia,
1004 2204 1059 2264 sed
1083 2211 1194 2266 tanturn

152 2305 340 2368 substantiae
377 2304 554 2380 inhaerens,
587 2305 626 2366 ita
649 2311 758 2381 lamen,
780 2310 812 2366 ut
833 2304 909 2365 haee
932 2305 996 2384 ipsa
1031 2304 1194 2366 substantia

152 2404 241 2466 omni
277 2421 373 2484 poena
406 2409 526 2465 maneat
560 2403 681 2465 libera.“
714 2442 750 2452 -
792 2402 845 2465 Est
875 2410 974 2464 autem
1010 2403 1196 2466 substantiae

154 2509 304 2568 humanae
336 2506 497 2568 inhaerens
525 2522 669 2584 perversa
699 2505 755 2568 ista
785 2505 941 2567 voluntas:
969 2504 1097 2567 ethaeo
1119 2505 1196 2585 ipsu,

156 2605 406 2686 quemadmodum
439 2605 618 2678 suohlarte
652 2612 774 2685 peceat,
807 2606 847 2668 ita
878 2607 974 2667 etiam·
1002 2604 1066 2668 sola
1088 2623 1142 2686 per
1162 2623 1197 2669 sa

155 2709 296 2788 punitur3
328 2705 575 2786 quemadmodum
597 2707 731 2785 peccatis
755 2707 817 2768 suis
835 2706 971 2769 naturale
994 2706 1115 2785 honum,
1137 2723 1197 2767 no-

155 2815 252 2868 turom
273 2805 439 2882 humanam,
459 2789 506 2868 eni
529 2805 682 2885 inhaeret,
705 2808 826 2868 omnino
848 2824 910 2868 non
943 2808 1134 2884 contaminat,
1156 2807 1197 2868 ita

155 2923 257 2984 neque
279 2908 435 2968 tormentis
471 2909 557 2982 suis,
590 2906 696 2986 quibus
717 2907 845 2986 punitur,
867 2905 1001 2968 naturale
1022 2908 1199 2983 suhieclum‚

158 3007 246 3066 euius
265 3009 326 3086 ipsa
358 3013 404 3067 est
425 3008 584 3085 accidens,
616 3014 646 3069 et
667 3009 697 3068 in
722 3025 779 3087 quo
803 3008 982 3082 continetur,
1003 3004 1061 3068 ulla
1082 3007 1198 3066 ratione

157 3113 287 3186 torquet.
342 3105 444 3186 ltaque
473 3107 692 3170 irrationabiles
726 3115 822 3170 motus
852 3108 993 3170 malarum
1015 3105 1200 3169 voluntatum

157 3207 319 3288 puniuntur
349 3208 379 3269 in
409 3207 473 3281 his,
507 3209 556 3290 qui
592 3215 726 3271 natorum
759 3210 866 3271 honam
890 3214 920 3268 et
943 3208 1148 3269 rationabilem
1170 3215 1201 3271 et

159 3309 373 3387 impassibilem
397 3309 603 3390 participant.“
624 3344 661 3356 -
685 3309 1030 3386 (v,30-31[eu.0n.
1051 3327 1078 3390 p.
1098 3308 1201 3370 267-

161 3407 263 3486 9704)
322 3407 402 3486 ,,Νοη
436 3412 532 3471 minus
567 3411 657 3491 igitur
692 3412 721 3471 in
747 3410 831 3472 malis
853 3409 1038 3486 hominihus,
1060 3427 1146 3490 quam
1169 3411 1201 3472 in

164 3507 251 3570 honis
275 3508 443 3587 -salva,
478 3511 614 3592 integra,
652 3512 904 3586 incontaminata,
946 3511 1026 3572 omni
1058 3512 1199 3590 passione

164 3609 315 3670 conharia
350 3611 487 3671 immunis
507 3611 563 3672 erit
583 3618 612 3672 et
633 3629 751 3692 semper
779 3613 837 3672 erit
858 3617 960 3672 natura
984 3610 1130 3672 humana:
1153 3617 1202 3672 at-
1227 3655 1228 3658 ,

164 3713 262 3770 tamen
300 3709 517 3772 contrariarum
552 3711 739 3791 qualitatum,
773 3712 917 3772 bonarum
947 3711 1016 3773 dico
1040 3711 1200 3782 malarum-

163 3825 221 3886 que
244 3808 439 3889 voluntatum,
463 3811 576 3875 virtutis
597 3802 855 3892 ignominiaeque“
879 3850 918 3864 -
942 3819 972 3874 et
993 3812 1050 3874 hae
1070 3812 1201 3894 denique

160 3909 278 4068 roti⁹o7ng
299 3910 404 4068 ,et7iarn
427 3914 642 3975 contrariarum
665 3913 838 3994 passionum
860 3920 907 3976 est
927 3919 1049 3993 oapax.“
1072 3947 1112 3960 -
1133 3910 1201 3990 [hl.

158 4024 186 4088 r·
281 4009 334 4069 -2
361 4011 403 4084 ι.)
