2938 4716
305 349 346 412 82

387 522 488 602 „Quae
517 519 624 582 divisio
656 518 773 580 videtui
797 523 923 598 quntum·
944 519 1064 599 speeies
1085 521 1240 600 recipere:
1260 537 1339 602 que-

302 643 365 686 rum
389 624 480 703 primu
504 627 568 696 est,
595 637 672 700 quae
695 615 779 680 urent
801 626 830 679 et
853 636 913 680 nen
937 627 1074 697 eruetur,
1094 620 1239 698 secunda,
1261 639 1340 704 quue

302 729 422 785 urentur
443 727 473 782 et
493 727 585 796 erent,
608 721 704 795 tertie,
725 736 803 798 quuu
828 726 946 781 urentur
967 727 998 781 et
1019 737 1081 782 nun
1103 727 1199 800 erest,
1225 729 1340 802 quantu,

303 843 380 906 quae
412 841 470 884 nee
507 829 666 883 creetnue
691 828 817 882 eruetur.
872 821 980 882 Herum
1003 829 1130 903 quatuor
1151 823 1241 884 binae
1262 825 1341 885 inter

302 946 337 990 se
365 931 574 1006 opponuntur:
602 940 671 983 nam
704 923 789 982 lentie
813 923 970 1002 opponitur
989 924 1120 1003 primae,
1151 930 1256 1004 quartu
1287 941 1342 986 se-

303 1029 430 1092 eundue.
471 1024 530 1088 Sed
554 1022 756 1104 quurle'inter
777 1022 972 1104 impossibilia
993 1025 1120 1103 punitur,
1142 1025 1227 1086 cuius
1251 1023 1343 1087 utite-

302 1129 398 1191 rentia
422 1132 488 1203 est,
518 1141 579 1186 nun
610 1141 701 1204 posse
723 1141 800 1186 esse.
821 1160 862 1172 -
883 1125 1036 1201 ,Multum“
1060 1124 1239 1205 (discipulus
1260 1125 1341 1201 iniit)

302 1248 349 1292 me
372 1234 472 1290 movet
494 1233 598 1306 quartu
621 1227 758 1305 speeies,
790 1242 859 1286 nam
880 1225 918 1286 de
941 1225 1008 1287 aliis
1031 1227 1125 1289 tribus
1146 1227 1227 1289 nullu
1249 1227 1342 1290 modu

302 1330 453 1392 haesitare
477 1328 587 1402 ausim,
620 1344 684 1387 eum
711 1327 805 1405 priene
835 1327 864 1386 in
897 1343 987 1387 ceusu
1011 1327 1154 1405 omnium,
1176 1335 1344 1407 quaesunt

303 1437 343 1506 et,
367 1445 443 1507 quae
464 1444 527 1488 nun
543 1434 610 1489 sunt
630 1425 832 1506 intelligatur,
856 1425 991 1488 secunda
1012 1443 1086 1488 vero
1109 1427 1138 1488 in
1159 1427 1343 1508 primordiu-

302 1531 379 1593 libus
403 1529 513 1606 eensis,
533 1529 620 1590 tertia
644 1528 673 1590 in
694 1527 750 1604 his,
773 1545 849 1607 quae
871 1529 900 1590 in
921 1531 1119 1609 generatione
1140 1530 1343 1609 temporibus-

304 1648 362 1711 que
384 1647 421 1692 ac
442 1628 518 1692 lueis
542 1633 819 1710 cognoscunturt).
868 1629 967 1708 Atque
991 1627 1030 1692 de
1050 1629 1176 1711 singuiis
1197 1629 1343 1710 disputari

303 1731 439 1797 subtilius
462 1732 668 1836 necessarium
691 1735 765 1792 est.“
786 1727 823 1806 (Ι,
849 1738 877 1808 1,
899 1729 936 1808 il,
961 1733 1006 1808 1.)

769 1891 798 1960 t·
823 1879 870 1945 10.

385 1998 421 2059 A.
465 1997 576 2076 „Prima
608 1997 699 2076 igitur
731 1995 860 2058 Naturae
888 1995 1006 2078 speeies
1027 1998 1092 2059 vise
1113 2001 1159 2060 est
1177 2014 1232 2076 eu,
1265 2013 1343 2080 quae

306 2104 389 2160 creet
410 2105 518 2159 utnon
541 2103 687 2159 ereutur.“
712 2138 752 2147 -
848 2108 851 2116 '

389 2199 488 2280 ,ilaue
510 2198 547 2259 du
570 2198 635 2260 soto
661 2197 718 2258 deu
741 2202 823 2258 reete
845 2196 1054 2276 praedicatur:
1088 2197 1137 2258 hie
1159 2198 1237 2260 enim
1260 2197 1344 2261 solus

307 2301 407 2360 omniu
430 2317 555 2373 creans,
587 2295 669 2360 sulu's
701 2299 766 2358 sine
796 2297 942 2378 principio
965 2315 1033 2358 esse
1054 2297 1244 2379 intelligitur,
1274 2302 1343 2380 quie

306 2399 476 2482 principalis
498 2417 587 2461 eausa
610 2401 750 2475 omnium,
770 2417 846 2478 quau
870 2417 909 2460 ex
930 2399 995 2480 ipsu
1021 2407 1050 2460 el
1072 2401 1239 2480 peripsum
1264 2399 1344 2464 sactu

308 2507 394 2577 siunt,
429 2501 509 2562 sulus
530 2509 585 2560 est.
609 2539 650 2550 -
672 2501 717 2561 Ac
738 2517 792 2579 per
817 2499 876 2560 hue
891 2507 921 2560 et
944 2501 1092 2577 omnium,
1117 2519 1194 2582 quae
1218 2519 1257 2562 ex
1277 2503 1344 2582 ipsu

307 2609 392 2678 sunt,
427 2603 493 2662 linis
530 2609 592 2662 est:
627 2603 721 2681 ipsum
746 2599 825 2661 enim
847 2602 946 2662 omnin
969 2609 1117 2683 appetunt.
1162 2603 1340 2683 Principium

308 2707 375 2774 est,
398 2704 466 2779 quia
488 2719 525 2761 ex
546 2701 610 2780 ipso
631 2707 698 2761 sunt
721 2703 837 2778 omnia,
867 2719 944 2780 quue
965 2703 1126 2763 essentiam
1147 2704 1343 2784 participent3

308 2801 375 2862 finis
400 2808 465 2874 est,
501 2803 568 2882 quia
599 2800 635 2862 ed
658 2803 752 2881 ipsum
775 2809 932 2864 moventur
957 2803 1072 2879 emnia,
1095 2803 1223 2882 quietem
1246 2811 1346 2867 motus

198 2933 204 2947 x
309 2901 356 2964 sui
376 2917 507 2982 suaeque
530 2902 722 2982 perlectionis
745 2903 933 2964 stabilitatem
955 2903 1155 2983 quaeremus
1170 2941 1210 2952 -
1224 2903 1262 2988 (i,
1279 2905 1344 2984 tt.)

364 3271 394 3342 4)
416 3273 517 3344 Quarta
546 3274 593 3326 illa
621 3281 734 3326 naturae
761 3275 864 3342 speeies
891 3275 928 3325 itu
955 3275 1043 3325 «linter
1069 3273 1250 3344 impossibilia
1266 3277 1348 3346 poni·

417 3370 473 3412 tum
490 3391 533 3423 -‚
551 3343 580 3411 ut
598 3379 652 3412 nou
670 3362 706 3413 sit
727 3361 853 3430 quoddam
872 3378 920 3430 per
940 3377 967 3412 se
989 3360 1185 3414 «subsistens»
1207 3372 1349 3434 quartum-

411 3465 463 3518 que
484 3449 601 3501 utribus
622 3450 673 3499 illis
692 3449 835 3499 diversum.
874 3448 1033 3500 [lucebimus
1052 3458 1141 3500 autem
1161 3451 1242 3514 infra,
1264 3470 1348 3522 quar-

413 3544 466 3586 tum
493 3544 608 3586 uestram
635 3545 747 3586 natusne
777 3536 892 3603 speciem
920 3551 978 3586 usse
1005 3553 1084 3587 unum
1104 3536 1271 3608 eundemque
1288 3557 1349 3590 eum

415 3623 505 3691 speeie
534 3623 632 3691 primu,
662 3625 749 3692 ipsum
775 3621 863 3672 denen.
905 3623 979 3674 Deus
1010 3624 1095 3686 enim,
1119 3627 1245 3692 quonium
1270 3643 1302 3678 ex
1320 3645 1350 3679 se

413 3709 520 3770 eduxit,
548 3725 723 3780 quaecunque
749 3727 835 3760 rerum
859 3718 1006 3762 creaturum
1035 3712 1138 3764 ambitu
1167 3714 1350 3777 continentur,

413 3795 511 3848 dicitnr
530 3795 630 3849 Natura
651 3815 705 3850 non
726 3803 812 3849 creata
827 3815 927 3862 ereans,
945 3801 1073 3869 quoniam
1093 3811 1182 3852 utitem
1201 3801 1351 3872 aliquunde

415 3886 503 3935 omniu
535 3886 581 3934 illa
607 3887 682 3937 inse
708 3885 817 3937 reducta
835 3886 1061 3955 comprehendet,
1093 3887 1162 3940 nihii
1183 3891 1298 3958 amplius
1317 3907 1351 3942 ex

420 3989 448 4021 se
470 3971 601 4029 ullumne,
628 3973 727 4024 Natura
757 3972 909 4042 appelletur
934 3989 990 4027 nun
1005 3983 1092 4028 creatu
1113 3991 1167 4030 uon
1186 3993 1286 4031 crenus.
1307 3978 1350 4030 ct.

414 4059 447 4121 ii,
466 4057 494 4124 2,
515 4060 561 4121 ili,
579 4058 621 4110 23.
