2938 4716
207 349 335 416 ’46

294 529 337 594 litt
369 531 448 594 enim
481 527 554 591 solis
587 527 801 611 propemodum
834 545 860 590 s.
892 527 1057 610 scripturae
1083 533 1115 593 et
1134 545 1198 596 as.
1221 533 1339 611 patrum

293 631 476 694 testimoniis
497 631 794 710 auctoritatibusque·
810 631 998 708 nitebantur,
1028 632 1076 693 bic
1107 632 1339 712 „disputatoriae

295 731 384 792 artis“
406 767 446 780 -
468 735 501 793 ui
521 731 627 792 scribit
648 765 688 778 -
710 730 856 811 „regulus
875 731 1029 793 utebatur:
1059 731 1099 793 illi
1120 749 1145 793 s.
1171 733 1340 813 scripturae

293 837 324 894 et
343 847 406 894 ss.
426 836 541 912 patrum
564 830 789 894 auetoritatibus
810 833 859 911 pio
881 847 917 893 ac
938 829 1063 912 simplici
1086 833 1186 897 animo
1208 849 1243 894 se
1261 832 1338 895 sub-

294 931 446 1008 iiciebant,
467 931 516 992 tric
536 931 731 992 auctoritates
754 930 818 992 illas
841 931 917 994 duro
939 949 975 992 ac
1000 931 1131 1012 superbo
1155 933 1268 1013 ingenii
1289 933 1338 994 sai

294 1031 418 1112 imperio
438 1029 605 1110 subigebat
650 1028 835 1091 Meminimus
855 1029 1012 1110 proiecta,
1044 1043 1130 1110 quam
1158 1031 1338 1112 contemptis

293 1133 447 1210 astitistis,
478 1129 558 1210 quod
583 1138 688 1198 cantra
712 1147 748 1192 ae
775 1131 879 1193 lacere
905 1131 1048 1207 vidisset,
1080 1136 1111 1193 ut
1133 1149 1150 1192 a
1173 1149 1207 1193 se
1233 1131 1338 1194 lacero

294 1231 440 1309 videatur,
474 1229 619 1292 ellecerit.
662 1229 724 1292 liae
744 1236 822 1309 arte‚·
855 1247 941 1330 quem
967 1230 1016 1293 iile
1037 1228 1159 1292 bostem
1174 1240 1236 1292 non
1259 1248 1337 1311 pru·-

292 1330 425 1411 lligaretl
446 1366 486 1380 -
507 1329 561 1392 Est
579 1329 708 1410 paridem,
729 1337 761 1392 ut
781 1333 844 1412 ipse
857 1345 977 1411 quaque
990 1347 1014 1395 s.
1030 1331 1206 1411 scripturae,
1229 1347 1254 1393 s.
1270 1331 1337 1394 Au-

287 1432 412 1512 gustinil
433 1446 507 1493 ocos
521 1447 595 1492 suae
612 1433 779 1493 sententiae
803 1439 978 1513 argumenta
995 1432 1143 1513 prolatet,
1163 1451 1265 1494 ueram
1286 1434 1336 1506 ila,

291 1537 330 1611 si,
350 1540 384 1597 ut
407 1533 453 1596 llis
474 1533 574 1595 uerbis
595 1539 721 1610 utamur,
751 1540 838 1597 antea
863 1534 918 1614 ipsi
942 1535 1109 1597 sententiae
1132 1551 1205 1596 suae
1226 1533 1336 1595 luerint

292 1633 477 1715 probantu).
519 1632 622 1713 Neque
645 1632 749 1695 lacere
771 1651 832 1694 non
864 1650 1039 1713 pessumus,
1068 1634 1138 1715 quin
1167 1631 1337 1704 classicum,

294 1741 327 1796 ut
346 1735 437 1811 aiunl,
459 1733 516 1795 lrac
539 1733 577 1796 (ie
600 1751 634 1796 re
649 1733 752 1795 ¹lacurn
785 1749 824 1794 ex
842 1735 925 1796 Secti
954 1736 1038 1797 libris
1063 1733 1102 1796 de
1130 1733 1336 1797 alienatores

293 1833 462 1897 sileremus.
505 1833 612 1897 Sermo
640 1839 687 1895 est
714 1833 752 1895 rlc
774 1849 883 1896 sacrae
904 1836 1068 1917 scripturae
1089 1841 1119 1897 et
1138 1853 1199 1898 as.
1220 1841 1334 1914 patrum

294 1937 481 1998 auctoritate.
522 1933 633 1998 Scribit
653 1937 823 2012 autentus
855 1935 1043 2010 „Auctoritas
1063 1953 1102 1997 ex
1124 1953 1195 1997 vera
1217 1937 1334 1996 ratione

294 2037 452 2117 processit,
473 2053 658 2116 nequaquam
680 2037 757 2098 ratio
779 2051 817 2096 ex
838 2037 1034 2098 auctoritates
1064 2037 1179 2114 „oannis
1202 2035 1334 2096 auctori.

294 2145 349 2214 tas,
371 2153 540 2217 quaerere
561 2139 678 2199 ratione
701 2153 761 2198 non
783 2137 973 2216 approbatur,
994 2137 1106 2199 intuma
1121 2135 1333 2198 videturesse.

293 2237 370 2300 Vera
405 2243 502 2298 autem
540 2236 617 2299 ratio
639 2271 679 2286 -
701 2271 741 2285 -
763 2236 872 2298 nuliius
907 2237 1092 2300 auctoritatis
1126 2233 1334 2316 astipulatione

292 2338 430 2400 roborari
453 2335 594 2417 inaliget.t

371 2434 629 2517 nequehercle,
658 2452 746 2515 quum
769 2436 851 2498 Secti
874 2436 991 2514 incepta
1012 2435 1146 2517 grauiter
1164 2434 1334 2518 reprehen-

293 2537 445 2612 derimas‚
470 2535 576 2616 quibus
597 2537 735 2598 excusari
758 2539 883 2616 queant,
912 2536 1032 2598 silentio
1057 2535 1332 2615 praeteunillamus.

292 2637 494 2700 Transtulerat
527 2637 582 2712 (cl.
611 2652 677 2716 sup.
708 2655 774 2717 cap.
797 2635 850 2712 ΙΙΙ]
884 2636 981 2699 Caroli
1015 2635 1090 2699 calvi
1127 2638 1207 2698 iussa
1240 2637 1335 2699 libros

293 2737 565 2817 Pseudo-Dionysii
586 2738 789 2818 Areopagitae
810 2742 841 2798 et
862 2735 991 2810 Maximi,
1012 2752 1088 2818 quos
1110 2753 1145 2798 re
1167 2743 1198 2798 ct
1219 2737 1332 2798 laeloa

292 2839 365 2902 uitis
388 2837 456 2915 illis,
478 2837 584 2918 quibus
607 2837 694 2900 tribui
717 2837 864 2914 solebant,
890 2838 1078 2926 conscriptos
1100 2836 1229 2917 putabat.
1272 2835 1333 2898 lla-

292 2955 350 3019 qaae
381 2953 518 3019 magnam
551 2937 687 3018 prolecto
723 2945 836 3018 partem
867 2955 979 3000 summa
1008 2945 1179 3001 sanctorum
1203 2937 1332 3000 vimnau

292 3039 408 3101 illorum
430 3041 607 3101 auctoritate
634 3037 741 3100 ioelum
763 3045 817 3114 est,
838 3045 880 3114 ut,
910 3049 986 3118 qnae
1009 3039 1038 3098 in
1061 3037 1117 3100 illis
1138 3037 1221 3099 tibris
1242 3055 1332 3116 repe.

292 3140 391 3212 risset,
410 3139 488 3201 adeo
509 3137 677 3215 accusaret,
698 3137 769 3200 nibil
791 3145 822 3200 ut
844 3139 881 3200 lis
903 3139 1098 3200 arbitraretur
1118 3139 1232 3213 verius,
1261 3137 1331 3198 nibil

292 3237 438 3315 diviniusp
460 3255 558 3320 neque
581 3239 640 3301 ulio
661 3246 749 3318 pacto
772 3225 962 3300 dubitandum
986 3255 1057 3300 aisse
1078 3244 1228 3316 censeret,
1256 3253 1333 3317 qaae

292 3338 339 3400 vel
362 3341 393 3400 in
416 3357 503 3402 saera
525 3340 671 3420 scriptura
693 3339 739 3400 vel
761 3339 838 3419 apud
867 3357 929 3402 ss.
952 3345 1051 3421 patres
1076 3339 1201 3400 edoctus
1226 3339 1333 3414 luerat,

295 3439 334 3501 ed
355 3439 470 3502 illorum
492 3441 623 3503 virorum
645 3438 861 3521 philosophiam
884 3457 1090 3502 resecare...
1110 3437 1333 3519 AtqueSectus

295 3540 322 3602 is
333 3545 408 3619 erat,
425 3539 486 3620 qui,
498 3539 695 3622 quodcunque
709 3559 811 3602 acerum
827 3557 895 3602 esse
911 3540 968 3602 sibi
985 3544 1186 3620 persuaserat,
1198 3544 1332 3602 sarnetum

287 3691 646 3710 Μ

325 3775 373 3844 46)
395 3773 493 3827 Eadem
521 3773 601 3842 plane
625 3771 760 3824 commisit
781 3772 876 3824 Scelus
895 3773 923 3824 in
944 3770 1018 3824 libris
1037 3771 1071 3824 de
1091 3771 1143 3824 iliu.
1163 3781 1219 3824 unt.
1238 3800 1271 3812 ·-
1291 3771 1332 3821 ct.

397 3863 482 3917 Hoek.
500 3861 527 3912 in
547 3859 681 3930 ephemer.
702 3861 836 3912 Bonosus.
856 3857 930 3912 Fuso.
951 3857 1018 3922 XVI,
1035 3878 1061 3930 p.
1078 3858 1121 3912 50.
1138 3891 1172 3904 ·-
1192 3859 1231 3910 Cl'.
1253 3859 1332 3910 eliam

393 3951 455 4002 bist.
475 3949 527 4000 litt.
542 3947 578 4000 als
596 3949 620 3998 la
641 3947 749 4000 Franco.
766 3954 832 4000 tora·
854 3948 877 4000 V
896 3963 921 4017 p.
939 3945 992 4000 42⁰
1009 3963 1064 4018 seq.
1086 3975 1117 3988 -

328 4053 376 4121 tt)
394 4053 429 4106 ci.
450 4051 484 4105 ile
500 4050 553 4104 dir.
568 4059 621 4104 aab
640 4052 661 4112 l,
675 4050 717 4102 il.
