2940 4710
675 267 739 341 207

154 422 289 506 lucetio,
312 427 401 510 cujur
425 426 465 488 ob
488 426 631 490 meritum
654 446 790 490 amorem
811 424 877 488 iere
893 425 1074 488 eondnuum
1087 423 1256 488 triennium

157 536 190 596 in
206 535 337 597 Francia
357 534 553 615 consumpti,
568 533 623 612 ibi,
642 531 717 594 dum
738 533 803 595 irae
822 550 942 612 regum,
955 530 1108 595 tumultur
1125 529 1258 615 populu-

157 659 244 717 rum,
265 658 490 720 regnorumque
517 637 738 702 dissidentium
759 641 865 698 neuton
891 637 1036 721 periero,
1053 635 1260 702 ancorarum

158 747 288 810 affertur
306 767 396 823 oum,
410 752 445 806 ut
459 765 562 807 curam
580 741 808 825 pastoralitatis
824 744 1001 825 auaceplaoe
1021 761 1259 826 paeuemepoe-

164 853 290 916 niteret.
313 854 355 916 At
370 853 514 932 quoniam
522 851 652 912 Domina
667 869 735 912 mea
751 849 964 930 Tbeopbania,
984 851 1165 932 imperatrix
1180 867 1260 910 nem-

164 977 225 1042 per
240 959 397 1040 Augusta,
424 957 504 1020 v111.
523 954 589 1018 Cal.
601 953 701 1038 April.
725 955 884 1038 proiicioci
901 975 950 1017 me
964 975 1067 1018 aecum
1084 955 1116 1016 iu
1130 953 1261 1016 Saroni-

164 1083 216 1124 am
226 1065 329 1147 jubet,
346 1081 444 1144 eoque
460 1059 609 1142 quondam
625 1081 661 1124 er
677 1062 755 1125 mela
767 1059 927 1124 monachi·
942 1065 975 1123 et
989 1061 1140 1124 militibuo
1152 1060 1189 1121 ab
1199 1057 1262 1122 ita-

162 1168 208 1232 lia
231 1171 395 1232 convenire
405 1168 509 1251 jurei,
532 1185 614 1229 nunc
628 1185 688 1230 nen
704 1167 853 1247 babeam,
883 1167 965 1250 quod
986 1172 1105 1228 certum
1126 1167 1261 1230 northam

162 1293 259 1358 nuper
285 1276 410 1356 organi·
431 1271 568 1336 initalia
592 1273 705 1355 positio
727 1291 765 1334 ac
791 1259 942 1336 monacbo
962 1271 1133 1352 dirigendo,
1157 1273 1212 1352 qui
1227 1291 1263 1336 eu

161 1380 334 1461 condiocat,
347 1381 533 1463 praesertim
548 1399 618 1442 cum
634 1379 701 1440 aine
715 1379 1049 1459 praetentiailomlnae
1065 1379 1263 1442 meae'llreo·

114 1494 120 1504 '
162 1488 293 1568 piraniae
304 1486 432 1549 credere
441 1504 489 1548 me
499 1503 561 1547 noo
571 1503 665 1546 auru
675 1486 734 1548 aim
744 1482 964 1548 iideimeorom
975 1485 1118 1563 militum,
1127 1487 1181 1566 qui
1193 1482 1263 1548 itali

162 1599 246 1672 orent,
263 1594 416 1655 narratio
439 1593 546 1670 nciam,
565 1598 668 1654 utrum
686 1591 855 1655 exercitum
872 1598 942 1654 ante
958 1597 1139 1655 autumnum
1153 1593 1186 1654 in
1200 1592 1263 1654 lta-

160 1696 234 1760 liam
254 1697 425 1776 deducam,
441 1718 478 1760 au
496 1699 529 1758 in
546 1695 711 1760 Germania
726 1695 938 1776 demoremur,
955 1704 991 1761 ut
1007 1697 1098 1780 quam
1111 1698 1261 1780 plurimae

161 1805 268 1888 copiae
286 1811 393 1867 contra
402 1804 595 1868 Ludoricum
608 1821 713 1882 regem
723 1805 924 1882 Francorum,
938 1806 999 1867 uiri
1009 1806 1170 1884 quieverit,
1179 1823 1263 1866 com·

161 1929 328 1992 paremur,
351 1914 403 1991 qui
421 1914 530 1977 amicir
544 1911 803 1992 inquietireimio‚
830 1911 1102 1994 pernitiooinnimia
1118 1909 1265 1972 hortibuo

166 2035 227 2078 non
246 2015 377 2078 meritum
394 2019 570 2098 inquietus,
587 2017 657 2098 quia
676 2018 738 2094 rit,
759 2015 895 2097 quidque
918 2014 956 2078 de
971 2035 1008 2078 eo
1023 2011 1156 2096 intelligi
1173 2033 1265 2096 opor-

163 2129 245 2202 teat,
270 2122 359 2186 velox
375 2125 476 2186 exitur
496 2123 718 2206 comprobabit.
741 2121 832 2184 Clara
851 2122 970 2188 indoleo
995 2121 1082 2184 divae
1100 2122 1266 2190 memoriae

166 2229 294 2292 ottoni·
310 2231 467 2306 Caeoarlu,
482 2249 560 2313 pace
581 2233 662 2293 iuter
678 2226 774 2291 ducet
796 2249 832 2291 ac
847 2229 1007 2314 principer
1024 2225 1154 2294 reducta
1169 2234 1268 2314 grata,

163 2336 304 2416 proxima
329 2343 447 2400 aeomte
463 2335 601 2418 legionen
624 2333 760 2398 militum
784 2334 919 2400 duxitin
937 2336 1107 2414 Sarmatae,
1128 2354 1206 2417 quor
1230 2353 1267 2398 ca

162 2441 268 2521 lingua
304 2441 507 2518 „tieldones”
543 2442 671 2521 dicunt,
709 2443 815 2522 ibique
838 2439 881 2505 46
914 2443 1007 2504 urbes
1044 2443 1267 2506 munitiauimaa

164 2567 222 2609 rua
242 2551 420 2630 praesentia
437 2571 472 2612 ac
492 2549 626 2613 militum
642 2550 754 2612 robore
773 2549 874 2630 cepit,
898 2548 995 2611 diruit
1014 2555 1106 2629 atque
1124 2551 1267 2612 vastavit.

164 2651 290 2716 Salutat
305 2672 360 2716 roa
370 2653 747 2736 ctAirardum,Adalbero
764 2653 931 2718 Remorum
939 2656 1212 2739 ilrclriepiacupus,
1225 2657 1268 2718 ιί·

162 2756 292 2840 mrdque
315 2777 404 2820 omne
428 2757 590 2842 collegium
616 2759 841 2825 auriliacensis
864 2763 1022 2841 coenobii,
1052 2781 1100 2824 me
1123 2761 1268 2844 adjuncto

164 2885 224 2948 por
237 2865 435 2928 omniavobia
446 2865 658 2932 devotimimo.
677 2870 792 2931 lterum
805 2867 979 2949 iterumque
989 2866 1099 2932 valete
1122 2869 1268 2942 (Macron

150 2963 197 3056 p.
209 2969 251 3036 40
266 2977 298 3034 et
310 2969 369 3046 li1;
388 2972 427 3034 ad
445 2979 509 3036 not.
525 2975 556 3051 1,
572 2996 603 3057 p.
612 2973 655 3038 74
669 2978 701 3034 et
716 2969 847 3056 11:196.)

247 3079 315 3158 Ep.
346 3075 397 3141 13.
419 3075 565 3142 Romullo
584 3081 698 3143 Abbati
715 3079 897 3142 Sarouenoi.
923 3079 1035 3142 Officia
1051 3078 1153 3142 dantia
1172 3086 1205 3141 et
1218 3099 1270 3142 ac·

165 3184 315 3270 cipioniio
330 3185 510 3247 muneribus
527 3189 640 3248 ventrio
661 3185 782 3247 executi
798 3187 887 3248 entia.
904 3181 993 3248 Nihil
1009 3185 1090 3247 enirn
1105 3187 1196 3250 noble
1215 3205 1269 3249 an·

165 3291 288 3372 tiquiua
312 3291 345 3350 in
368 3289 648 3371 humaniorem,
675 3291 920 3353 clarissimorum
945 3291 1105 3354 bominum
1126 3293 1270 3374 seientia,

166 3415 249 3477 quae
281 3396 388 3478 utique
419 3394 645 3480 multiplicibus
670 3397 821 3460 librorum
848 3395 1055 3460 voluminibus
1087 3399 1268 3481 explicatur.

163 3502 259 3582 Agite
284 3520 356 3582 ergo
373 3508 410 3564 ut
432 3505 600 3586 coepistis,
626 3511 658 3566 et
672 3505 790 3566 fluenta
804 3501 850 3566 M.
864 3503 962 3566 'l'ullii
978 3505 1095 3567 riticnti
1113 3508 1270 3588 praebete.
1362 3513 1365 3522 “

165 3606 213 3670 Μ.
232 3605 356 3668 Tullius
378 3607 490 3670 medita
513 3629 546 3673 re
561 3613 680 3691 ingerat
697 3613 800 3687 curia,
827 3611 940 3691 quibua
956 3618 1030 3690 pout
1043 3612 1270 3675 urbirnuetrae

166 3711 377 3795 perditionem
400 3715 446 3776 alc
470 3713 683 3798 implicamur,
711 3723 746 3779 ut
767 3722 838 3778 onte
856 3716 964 3780 oculor
979 3717 1139 3782 bominum
1154 3717 1273 3798 felices,

173 3825 286 3882 neutro
298 3819 419 3902 judicic
429 3821 597 3884 habeamur
605 3823 756 3886 infelices.
780 3824 865 3901 Quae
874 3821 981 3886 muudi
990 3829 1072 3904 runt,
1087 3826 1274 3906 quaerimur,

173 3926 363 4006 invenimur,
377 3929 576 4009 perficimur,
593 3935 635 4008 ei,
650 3934 685 3990 ut
700 3930 744 3990 ita
760 3928 872 4008 dicam,
882 3929 1039 4012 principer
1053 3929 1180 3994 sceleris
1198 3931 1275 3994 lacti

173 4050 297 4096 ιιιιιιιιι.
320 4033 382 4094 Fer
398 4052 506 4115 opem,
526 4033 635 4113 Pater,
655 4039 692 4096 ut
709 4034 876 4114 divinitae,
894 4054 971 4117 quae
988 4033 1185 4098 multitudine
1200 4055 1274 4120 pec·

171 4143 314 4202 catorum
332 4136 528 4222 excluditur,
542 4143 606 4204 tuit
622 4145 767 4228 precibus
783 4143 893 4208 iniiexa
909 4139 1028 4222 redeat,
1039 4159 1097 4204 ιιοι
1110 4143 1228 4220 rlrltet,
1245 4149 1276 4206 et

1438 357 1441 440 i
