<?xml version="1.0" encoding="UTF-8"?>
<!DOCTYPE html PUBLIC "-//W3C//DTD XHTML 1.0 Transitional//EN"
    "http://www.w3.org/TR/xhtml1/DTD/xhtml1-transitional.dtd">
<html xmlns="http://www.w3.org/1999/xhtml" xml:lang="en" lang="en">
 <head>
  <title>
</title>
<meta http-equiv="Content-Type" content="text/html;charset=utf-8" />
  <meta name='ocr-system' content='tesseract 3.04.00' />
  <meta name='ocr-capabilities' content='ocr_page ocr_carea ocr_par ocr_line ocrx_word'/>
</head>
<body>
  <div class='ocr_page' id='page_1' title='image "./deioannescotoer00unkngoog_0067.png"; bbox 0 0 2938 4716; ppageno 0'>
   <div class='ocr_carea' id='block_1_1' title="bbox 269 297 310 364">
    <p class='ocr_par' dir='ltr' id='par_1_1' title="bbox 269 297 310 364">
     <span class='ocr_line' id='line_1_1' title="bbox 269 297 310 364; baseline -0.049 0"><span class='ocrx_word' id='word_1_1' title='bbox 269 297 310 364; x_wconf 84' lang='lat'>60</span> 
     </span>
    </p>
   </div>
   <div class='ocr_carea' id='block_1_2' title="bbox 268 473 1370 1658">
    <p class='ocr_par' dir='ltr' id='par_1_2' title="bbox 268 473 1370 1460">
     <span class='ocr_line' id='line_1_2' title="bbox 269 473 1370 562; baseline 0 -18"><span class='ocrx_word' id='word_1_2' title='bbox 269 478 393 562; x_wconf 85' lang='lat' dir='ltr'>poribus</span> <span class='ocrx_word' id='word_1_3' title='bbox 413 473 489 540; x_wconf 90' lang='lat' dir='ltr'>laiso</span> <span class='ocrx_word' id='word_1_4' title='bbox 512 477 589 540; x_wconf 85' lang='lat' dir='ltr'>illius</span> <span class='ocrx_word' id='word_1_5' title='bbox 608 477 676 541; x_wconf 85' lang='lat' dir='ltr'>iibri</span> <span class='ocrx_word' id='word_1_6' title='bbox 697 483 803 554; x_wconf 83' lang='lat' dir='ltr'>aucior</span> <span class='ocrx_word' id='word_1_7' title='bbox 825 477 943 542; x_wconf 85' lang='lat' dir='ltr'>habitos</span> <span class='ocrx_word' id='word_1_8' title='bbox 971 479 1028 559; x_wconf 87' lang='lat' dir='ltr'>sil,</span> <span class='ocrx_word' id='word_1_9' title='bbox 1060 480 1315 546; x_wconf 78' lang='lat' dir='ltr'>confidentissime</span> <span class='ocrx_word' id='word_1_10' title='bbox 1361 530 1370 556; x_wconf 73' lang='lat'>,</span> 
     </span>
     <span class='ocr_line' id='line_1_3' title="bbox 269 576 1315 659; baseline 0.004 -18"><span class='ocrx_word' id='word_1_11' title='bbox 269 578 459 642; x_wconf 82' lang='lat' dir='ltr'>nihilominus</span> <span class='ocrx_word' id='word_1_12' title='bbox 483 576 637 654; x_wconf 84' lang='lat' dir='ltr'>affirmem,</span> <span class='ocrx_word' id='word_1_13' title='bbox 657 578 806 639; x_wconf 87' lang='lat' dir='ltr'>homiuem</span> <span class='ocrx_word' id='word_1_14' title='bbox 829 587 858 639; x_wconf 83' lang='lat' dir='ltr'>el</span> <span class='ocrx_word' id='word_1_15' title='bbox 877 583 1036 659; x_wconf 76' lang='lat' dir='ltr'>scripsisse</span> <span class='ocrx_word' id='word_1_16' title='bbox 1066 597 1132 643; x_wconf 88' lang='lat' dir='ltr'>cum</span> <span class='ocrx_word' id='word_1_17' title='bbox 1153 581 1315 645; x_wconf 88' lang='lat' dir='ltr'>Rairamno</span> 
     </span>
     <span class='ocr_line' id='line_1_4' title="bbox 270 677 1313 758; baseline 0.003 -16"><span class='ocrx_word' id='word_1_18' title='bbox 270 685 374 742; x_wconf 81' lang='lat' dir='ltr'>contra</span> <span class='ocrx_word' id='word_1_19' title='bbox 385 677 586 754; x_wconf 87' lang='lat' dir='ltr'>Paschasium,</span> <span class='ocrx_word' id='word_1_20' title='bbox 609 683 640 738; x_wconf 87' lang='lat' dir='ltr'>cl</span> <span class='ocrx_word' id='word_1_21' title='bbox 656 677 703 754; x_wconf 83' lang='lat' dir='ltr'>(id</span> <span class='ocrx_word' id='word_1_22' title='bbox 720 679 799 758; x_wconf 89' lang='lat' dir='ltr'>quod</span> <span class='ocrx_word' id='word_1_23' title='bbox 814 678 1016 756; x_wconf 85' lang='lat' dir='ltr'>Schloelerus,</span> <span class='ocrx_word' id='word_1_24' title='bbox 1038 681 1313 745; x_wconf 86' lang='lat' dir='ltr'>Slaudenmaierum</span> 
     </span>
     <span class='ocr_line' id='line_1_5' title="bbox 270 769 1314 863; baseline 0.003 -21"><span class='ocrx_word' id='word_1_25' title='bbox 270 779 499 860; x_wconf 73' lang='lat' dir='ltr'>interpretatus,</span> <span class='ocrx_word' id='word_1_26' title='bbox 532 779 587 852; x_wconf 84' lang='lat' dir='ltr'>ait)</span> <span class='ocrx_word' id='word_1_27' title='bbox 622 769 705 856; x_wconf 77' lang='lat' dir='ltr'>,oon</span> <span class='ocrx_word' id='word_1_28' title='bbox 735 778 913 842; x_wconf 84' lang='lat' dir='ltr'>Ralramno.</span> <span class='ocrx_word' id='word_1_29' title='bbox 935 781 1087 860; x_wconf 79' lang='lat' dir='ltr'>spirituale</span> <span class='ocrx_word' id='word_1_30' title='bbox 1129 784 1314 863; x_wconf 79' lang='lat' dir='ltr'>potissimum</span> 
     </span>
     <span class='ocr_line' id='line_1_6' title="bbox 270 877 1315 960; baseline 0.006 -20"><span class='ocrx_word' id='word_1_31' title='bbox 270 877 419 960; x_wconf 76' lang='lat' dir='ltr'>dogmatis</span> <span class='ocrx_word' id='word_1_32' title='bbox 440 885 621 940; x_wconf 72' lang='lat' dir='ltr'><strong>momentum</strong></span> <span class='ocrx_word' id='word_1_33' title='bbox 645 877 837 940; x_wconf 77' lang='lat' dir='ltr'>illuslmsse.“</span> <span class='ocrx_word' id='word_1_34' title='bbox 880 879 973 942; x_wconf 81' lang='lat' dir='ltr'>liuius</span> <span class='ocrx_word' id='word_1_35' title='bbox 994 882 1072 942; x_wconf 88' lang='lat' dir='ltr'>enim</span> <span class='ocrx_word' id='word_1_36' title='bbox 1097 883 1158 958; x_wconf 88' lang='lat' dir='ltr'>rei,</span> <span class='ocrx_word' id='word_1_37' title='bbox 1192 883 1315 947; x_wconf 76' lang='lat' dir='ltr'>sublatis</span> 
     </span>
     <span class='ocr_line' id='line_1_7' title="bbox 268 970 1315 1064; baseline -0.002 -24"><span class='ocrx_word' id='word_1_38' title='bbox 268 976 514 1064; x_wconf 76' lang='lat' dir='ltr'>Berengarianac</span> <span class='ocrx_word' id='word_1_39' title='bbox 550 977 656 1038; x_wconf 85' lang='lat' dir='ltr'>aelalis</span> <span class='ocrx_word' id='word_1_40' title='bbox 693 978 890 1056; x_wconf 77' lang='lat' dir='ltr'>testimoniis,</span> <span class='ocrx_word' id='word_1_41' title='bbox 923 970 981 1041; x_wconf 83' lang='lat' dir='ltr'>nec</span> <span class='ocrx_word' id='word_1_42' title='bbox 1016 979 1075 1042; x_wconf 90' lang='lat' dir='ltr'>ulla</span> <span class='ocrx_word' id='word_1_43' title='bbox 1105 981 1216 1044; x_wconf 87' lang='lat' dir='ltr'>indicia</span> <span class='ocrx_word' id='word_1_44' title='bbox 1247 1000 1315 1044; x_wconf 92' lang='lat' dir='ltr'>ma.</span> 
     </span>
     <span class='ocr_line' id='line_1_8' title="bbox 269 1076 1314 1158; baseline 0.003 -18"><span class='ocrx_word' id='word_1_45' title='bbox 269 1079 404 1153; x_wconf 77' lang='lat' dir='ltr'>neul⁹⁶).</span> <span class='ocrx_word' id='word_1_46' title='bbox 422 1113 463 1126; x_wconf 91' lang='lat'>·-</span> <span class='ocrx_word' id='word_1_47' title='bbox 484 1076 686 1140; x_wconf 80' lang='lat' dir='ltr'>Adrevaldum</span> <span class='ocrx_word' id='word_1_48' title='bbox 710 1077 828 1158; x_wconf 83' lang='lat' dir='ltr'>quidem</span> <span class='ocrx_word' id='word_1_49' title='bbox 843 1077 1063 1142; x_wconf 67' lang='lat' dir='ltr'>floriacensem</span> <span class='ocrx_word' id='word_1_50' title='bbox 1080 1087 1111 1141; x_wconf 86' lang='lat' dir='ltr'>el</span> <span class='ocrx_word' id='word_1_51' title='bbox 1124 1081 1314 1143; x_wconf 85' lang='lat' dir='ltr'>Hincmomm</span> 
     </span>
     <span class='ocr_line' id='line_1_9' title="bbox 268 1177 1313 1261; baseline 0.003 -20"><span class='ocrx_word' id='word_1_52' title='bbox 268 1177 468 1256; x_wconf 76' lang='lat' dir='ltr'>lismensem,</span> <span class='ocrx_word' id='word_1_53' title='bbox 502 1193 578 1258; x_wconf 85' lang='lat' dir='ltr'>quos</span> <span class='ocrx_word' id='word_1_54' title='bbox 598 1194 688 1258; x_wconf 88' lang='lat' dir='ltr'>supra</span> <span class='ocrx_word' id='word_1_55' title='bbox 709 1177 894 1257; x_wconf 86' lang='lat' dir='ltr'>audivimus,</span> <span class='ocrx_word' id='word_1_56' title='bbox 924 1179 950 1240; x_wconf 92' lang='lat' dir='ltr'>si</span> <span class='ocrx_word' id='word_1_57' title='bbox 978 1197 1064 1261; x_wconf 88' lang='lat' dir='ltr'>quem</span> <span class='ocrx_word' id='word_1_58' title='bbox 1092 1181 1175 1244; x_wconf 88' lang='lat' dir='ltr'>Sooli</span> <span class='ocrx_word' id='word_1_59' title='bbox 1207 1180 1313 1244; x_wconf 82' lang='lat' dir='ltr'>librum</span> 
     </span>
     <span class='ocr_line' id='line_1_10' title="bbox 268 1277 1315 1362; baseline 0.004 -23"><span class='ocrx_word' id='word_1_60' title='bbox 268 1279 489 1358; x_wconf 77' lang='lat' dir='ltr'>perstrinxere,</span> <span class='ocrx_word' id='word_1_61' title='bbox 509 1295 571 1339; x_wconf 91' lang='lat' dir='ltr'>non</span> <span class='ocrx_word' id='word_1_62' title='bbox 592 1293 679 1355; x_wconf 91' lang='lat' dir='ltr'>eum,</span> <span class='ocrx_word' id='word_1_63' title='bbox 700 1295 758 1358; x_wconf 81' lang='lat' dir='ltr'>quo</span> <span class='ocrx_word' id='word_1_64' title='bbox 779 1277 981 1360; x_wconf 81' lang='lat' dir='ltr'>Berengarios</span> <span class='ocrx_word' id='word_1_65' title='bbox 1000 1297 1071 1342; x_wconf 90' lang='lat' dir='ltr'>usus</span> <span class='ocrx_word' id='word_1_66' title='bbox 1094 1286 1160 1359; x_wconf 81' lang='lat' dir='ltr'>esi,</span> <span class='ocrx_word' id='word_1_67' title='bbox 1190 1283 1315 1362; x_wconf 87' lang='lat' dir='ltr'>peiiisso</span> 
     </span>
     <span class='ocr_line' id='line_1_11' title="bbox 270 1377 826 1460; baseline 0 -20"><span class='ocrx_word' id='word_1_68' title='bbox 270 1377 458 1442; x_wconf 84' lang='lat' dir='ltr'>arbiiramur.</span> <span class='ocrx_word' id='word_1_69' title='bbox 501 1377 588 1450; x_wconf 81' lang='lat' dir='ltr'>Quod</span> <span class='ocrx_word' id='word_1_70' title='bbox 610 1395 683 1440; x_wconf 83' lang='lat' dir='ltr'>mox</span> <span class='ocrx_word' id='word_1_71' title='bbox 697 1378 826 1460; x_wconf 73' lang='lat' dir='ltr'>‘parebis</span> 
     </span>
    </p>

    <p class='ocr_par' dir='ltr' id='par_1_3' title="bbox 270 1461 1317 1658">
     <span class='ocr_line' id='line_1_12' title="bbox 352 1461 1316 1558; baseline 0.002 -18"><span class='ocrx_word' id='word_1_72' title='bbox 352 1477 473 1540; x_wconf 78' lang='lat' dir='ltr'>Acerba</span> <span class='ocrx_word' id='word_1_73' title='bbox 494 1477 631 1557; x_wconf 77' lang='lat' dir='ltr'>prolecto</span> <span class='ocrx_word' id='word_1_74' title='bbox 654 1478 720 1540; x_wconf 89' lang='lat' dir='ltr'>libri</span> <span class='ocrx_word' id='word_1_75' title='bbox 742 1477 829 1540; x_wconf 88' lang='lat' dir='ltr'>huius</span> <span class='ocrx_word' id='word_1_76' title='bbox 851 1476 1024 1558; x_wconf 82' lang='lat' dir='ltr'>Erigeniani</span> <span class='ocrx_word' id='word_1_77' title='bbox 1045 1477 1104 1538; x_wconf 89' lang='lat' dir='ltr'>lala</span> <span class='ocrx_word' id='word_1_78' title='bbox 1126 1461 1221 1542; x_wconf 69' lang='lat' dir='ltr'>luere.¹</span> <span class='ocrx_word' id='word_1_79' title='bbox 1251 1479 1316 1542; x_wconf 86' lang='lat' dir='ltr'>Be-</span> 
     </span>
     <span class='ocr_line' id='line_1_13' title="bbox 270 1576 1317 1658; baseline 0.003 -19"><span class='ocrx_word' id='word_1_80' title='bbox 270 1578 429 1658; x_wconf 80' lang='lat' dir='ltr'>rengerius</span> <span class='ocrx_word' id='word_1_81' title='bbox 452 1579 530 1639; x_wconf 90' lang='lat' dir='ltr'>euim</span> <span class='ocrx_word' id='word_1_82' title='bbox 550 1577 629 1638; x_wconf 89' lang='lat' dir='ltr'>iilum</span> <span class='ocrx_word' id='word_1_83' title='bbox 645 1577 800 1639; x_wconf 84' lang='lat' dir='ltr'>doctrinae</span> <span class='ocrx_word' id='word_1_84' title='bbox 816 1593 890 1639; x_wconf 88' lang='lat' dir='ltr'>suae</span> <span class='ocrx_word' id='word_1_85' title='bbox 905 1583 1058 1638; x_wconf 78' lang='lat' dir='ltr'>auctorem</span> <span class='ocrx_word' id='word_1_86' title='bbox 1073 1576 1209 1656; x_wconf 88' lang='lat' dir='ltr'>laudons,</span> <span class='ocrx_word' id='word_1_87' title='bbox 1229 1597 1317 1642; x_wconf 91' lang='lat' dir='ltr'>mor-</span> 
     </span>
    </p>
   </div>
   <div class='ocr_carea' id='block_1_3' title="bbox 270 1675 1439 1756">
    <p class='ocr_par' dir='ltr' id='par_1_4' title="bbox 270 1675 1439 1756">
     <span class='ocr_line' id='line_1_14' title="bbox 270 1675 1439 1756; baseline 0.002 -17"><span class='ocrx_word' id='word_1_88' title='bbox 270 1676 358 1740; x_wconf 88' lang='lat' dir='ltr'>lilera</span> <span class='ocrx_word' id='word_1_89' title='bbox 380 1675 420 1738; x_wconf 91' lang='lat' dir='ltr'>illi</span> <span class='ocrx_word' id='word_1_90' title='bbox 440 1675 564 1740; x_wconf 89' lang='lat' dir='ltr'>vulnera</span> <span class='ocrx_word' id='word_1_91' title='bbox 587 1676 702 1738; x_wconf 82' lang='lat' dir='ltr'>inllinil.</span> <span class='ocrx_word' id='word_1_92' title='bbox 745 1677 853 1740; x_wconf 79' lang='lat' dir='ltr'>Lectus</span> <span class='ocrx_word' id='word_1_93' title='bbox 886 1683 916 1737; x_wconf 82' lang='lat' dir='ltr'>el</span> <span class='ocrx_word' id='word_1_94' title='bbox 942 1675 1097 1737; x_wconf 84' lang='lat' dir='ltr'>domnolus</span> <span class='ocrx_word' id='word_1_95' title='bbox 1119 1685 1164 1739; x_wconf 82' lang='lat' dir='ltr'>est</span> <span class='ocrx_word' id='word_1_96' title='bbox 1186 1679 1317 1756; x_wconf 78' lang='lat' dir='ltr'>Parisiis,</span> <span class='ocrx_word' id='word_1_97' title='bbox 1436 1691 1439 1700; x_wconf 93' lang='grc'><strong><em>·</em></strong></span> 
     </span>
    </p>
   </div>
   <div class='ocr_carea' id='block_1_4' title="bbox 270 1775 1399 2060">
    <p class='ocr_par' dir='ltr' id='par_1_5' title="bbox 270 1775 1399 2060">
     <span class='ocr_line' id='line_1_15' title="bbox 270 1775 1399 1858; baseline 0.003 -20"><span class='ocrx_word' id='word_1_98' title='bbox 270 1777 303 1838; x_wconf 92' lang='lat' dir='ltr'>in</span> <span class='ocrx_word' id='word_1_99' title='bbox 325 1775 455 1838; x_wconf 84' lang='lat' dir='ltr'>concilio</span> <span class='ocrx_word' id='word_1_100' title='bbox 476 1785 521 1851; x_wconf 88' lang='lat' dir='ltr'>(a.</span> <span class='ocrx_word' id='word_1_101' title='bbox 543 1776 621 1849; x_wconf 88' lang='lat' dir='ltr'>lllL.)</span> <span class='ocrx_word' id='word_1_102' title='bbox 643 1777 697 1838; x_wconf 92' lang='lat' dir='ltr'>sub</span> <span class='ocrx_word' id='word_1_103' title='bbox 719 1795 793 1858; x_wconf 80' lang='lat' dir='ltr'>roge</span> <span class='ocrx_word' id='word_1_104' title='bbox 817 1776 948 1838; x_wconf 89' lang='lat' dir='ltr'>ilenrico</span> <span class='ocrx_word' id='word_1_105' title='bbox 971 1775 1143 1854; x_wconf 79' lang='lat' dir='ltr'>habilo⁹⁷);</span> <span class='ocrx_word' id='word_1_106' title='bbox 1166 1778 1261 1840; x_wconf 89' lang='lat' dir='ltr'>leclus</span> <span class='ocrx_word' id='word_1_107' title='bbox 1287 1785 1318 1841; x_wconf 83' lang='lat' dir='ltr'>el</span> <span class='ocrx_word' id='word_1_108' title='bbox 1397 1819 1399 1822; x_wconf 94' lang='lat'>-</span> 
     </span>
     <span class='ocr_line' id='line_1_16' title="bbox 270 1876 1318 1957; baseline 0 -17"><span class='ocrx_word' id='word_1_109' title='bbox 270 1877 342 1956; x_wconf 87' lang='lat' dir='ltr'>,sub</span> <span class='ocrx_word' id='word_1_110' title='bbox 364 1877 570 1940; x_wconf 78' lang='lat' dir='ltr'>anaihemale“</span> <span class='ocrx_word' id='word_1_111' title='bbox 605 1876 762 1939; x_wconf 77' lang='lat' dir='ltr'>damnatos</span> <span class='ocrx_word' id='word_1_112' title='bbox 789 1883 838 1938; x_wconf 84' lang='lat' dir='ltr'>esl</span> <span class='ocrx_word' id='word_1_113' title='bbox 869 1878 899 1937; x_wconf 92' lang='lat' dir='ltr'>in</span> <span class='ocrx_word' id='word_1_114' title='bbox 931 1877 1056 1957; x_wconf 83' lang='lat' dir='ltr'>synodis</span> <span class='ocrx_word' id='word_1_115' title='bbox 1080 1877 1263 1940; x_wconf 80' lang='lat' dir='ltr'>vercellensi</span> <span class='ocrx_word' id='word_1_116' title='bbox 1287 1883 1318 1940; x_wconf 87' lang='lat' dir='ltr'>el</span> 
     </span>
     <span class='ocr_line' id='line_1_17' title="bbox 271 1977 1318 2060; baseline 0 -20"><span class='ocrx_word' id='word_1_117' title='bbox 271 1978 404 2042; x_wconf 83' lang='lat' dir='ltr'>Romana</span> <span class='ocrx_word' id='word_1_118' title='bbox 427 1985 472 2056; x_wconf 85' lang='lat' dir='ltr'>(a.</span> <span class='ocrx_word' id='word_1_119' title='bbox 492 1978 570 2049; x_wconf 77' lang='lat' dir='ltr'>llL.)</span> <span class='ocrx_word' id='word_1_120' title='bbox 590 1978 645 2040; x_wconf 86' lang='lat' dir='ltr'>sab</span> <span class='ocrx_word' id='word_1_121' title='bbox 669 1978 770 2041; x_wconf 85' lang='lat' dir='ltr'>Leone</span> <span class='ocrx_word' id='word_1_122' title='bbox 788 1977 849 2053; x_wconf 93' lang='lat' dir='ltr'>lX.,</span> <span class='ocrx_word' id='word_1_123' title='bbox 871 1993 985 2040; x_wconf 87' lang='lat' dir='ltr'>summo</span> <span class='ocrx_word' id='word_1_124' title='bbox 1005 1978 1156 2057; x_wconf 69' lang='lat' dir='ltr'>pontifice,</span> <span class='ocrx_word' id='word_1_125' title='bbox 1180 1995 1318 2060; x_wconf 83' lang='lat' dir='ltr'>congre-</span> 
     </span>
    </p>
   </div>
   <div class='ocr_carea' id='block_1_5' title="bbox 89 2077 1319 2268">
    <p class='ocr_par' dir='ltr' id='par_1_6' title="bbox 89 2077 1319 2268">
     <span class='ocr_line' id='line_1_18' title="bbox 89 2077 1316 2159; baseline 0 -19"><span class='ocrx_word' id='word_1_126' title='bbox 89 2119 93 2126; x_wconf 85' lang='lat'>·</span> <span class='ocrx_word' id='word_1_127' title='bbox 181 2091 184 2098; x_wconf 63' lang='lat'><strong>⁴</strong></span> <span class='ocrx_word' id='word_1_128' title='bbox 270 2081 416 2159; x_wconf 55' lang='lat' dir='ltr'>geriem).</span> <span class='ocrx_word' id='word_1_129' title='bbox 459 2079 582 2142; x_wconf 83' lang='lat' dir='ltr'>Postero</span> <span class='ocrx_word' id='word_1_130' title='bbox 614 2086 748 2159; x_wconf 83' lang='lat' dir='ltr'>tempore</span> <span class='ocrx_word' id='word_1_131' title='bbox 781 2077 866 2158; x_wconf 87' lang='lat' dir='ltr'>peius</span> <span class='ocrx_word' id='word_1_132' title='bbox 902 2079 989 2140; x_wconf 83' lang='lat' dir='ltr'>eiiam</span> <span class='ocrx_word' id='word_1_133' title='bbox 1011 2078 1040 2138; x_wconf 89' lang='lat' dir='ltr'>in</span> <span class='ocrx_word' id='word_1_134' title='bbox 1063 2093 1129 2139; x_wconf 90' lang='lat' dir='ltr'>eum</span> <span class='ocrx_word' id='word_1_135' title='bbox 1151 2079 1316 2140; x_wconf 71' lang='lat' dir='ltr'>consultum</span> 
     </span>
     <span class='ocr_line' id='line_1_19' title="bbox 172 2177 1319 2268; baseline -0.002 -26"><span class='ocrx_word' id='word_1_136' title='bbox 172 2261 177 2268; x_wconf 30' lang='grc' dir='ltr'>Ι</span> <span class='ocrx_word' id='word_1_137' title='bbox 272 2186 328 2242; x_wconf 90' lang='lat' dir='ltr'>csl.</span> <span class='ocrx_word' id='word_1_138' title='bbox 359 2177 499 2242; x_wconf 89' lang='lat' dir='ltr'>Nicolaus</span> <span class='ocrx_word' id='word_1_139' title='bbox 523 2180 601 2239; x_wconf 91' lang='lat' dir='ltr'>enim</span> <span class='ocrx_word' id='word_1_140' title='bbox 624 2177 659 2254; x_wconf 94' lang='lat' dir='ltr'>ll,</span> <span class='ocrx_word' id='word_1_141' title='bbox 680 2177 815 2258; x_wconf 77' lang='lat' dir='ltr'>pontilex</span> <span class='ocrx_word' id='word_1_142' title='bbox 836 2177 991 2253; x_wconf 86' lang='lat' dir='ltr'>maximus,</span> <span class='ocrx_word' id='word_1_143' title='bbox 1014 2193 1078 2237; x_wconf 87' lang='lat' dir='ltr'>cum</span> <span class='ocrx_word' id='word_1_144' title='bbox 1102 2177 1231 2240; x_wconf 88' lang='lat' dir='ltr'>concilio</span> <span class='ocrx_word' id='word_1_145' title='bbox 1253 2177 1319 2240; x_wconf 85' lang='lat' dir='ltr'>lio-</span> 
     </span>
    </p>
   </div>
   <div class='ocr_carea' id='block_1_6' title="bbox 241 2277 1400 3359">
    <p class='ocr_par' dir='ltr' id='par_1_7' title="bbox 241 2277 1400 3359">
     <span class='ocr_line' id='line_1_20' title="bbox 265 2277 1316 2359; baseline -0.002 -19"><span class='ocrx_word' id='word_1_146' title='bbox 265 2295 361 2342; x_wconf 83' lang='lat' dir='ltr'>mano</span> <span class='ocrx_word' id='word_1_147' title='bbox 383 2289 428 2354; x_wconf 85' lang='lat' dir='ltr'>(a.</span> <span class='ocrx_word' id='word_1_148' title='bbox 448 2277 567 2354; x_wconf 88' lang='lat' dir='ltr'>lllLlX.)</span> <span class='ocrx_word' id='word_1_149' title='bbox 590 2277 816 2359; x_wconf 83' lang='lat' dir='ltr'>Bercngarium,</span> <span class='ocrx_word' id='word_1_150' title='bbox 835 2283 866 2337; x_wconf 86' lang='lat' dir='ltr'>ui</span> <span class='ocrx_word' id='word_1_151' title='bbox 887 2278 951 2355; x_wconf 89' lang='lat' dir='ltr'>ipsc</span> <span class='ocrx_word' id='word_1_152' title='bbox 973 2293 1051 2352; x_wconf 90' lang='lat' dir='ltr'>com,</span> <span class='ocrx_word' id='word_1_153' title='bbox 1084 2277 1232 2355; x_wconf 85' lang='lat' dir='ltr'>omnibus,</span> <span class='ocrx_word' id='word_1_154' title='bbox 1266 2278 1316 2356; x_wconf 88' lang='lat' dir='ltr'>qui</span> 
     </span>
     <span class='ocr_line' id='line_1_21' title="bbox 271 2374 1317 2458; baseline -0.003 -17"><span class='ocrx_word' id='word_1_155' title='bbox 271 2379 407 2454; x_wconf 82' lang='lat' dir='ltr'>aderant,</span> <span class='ocrx_word' id='word_1_156' title='bbox 436 2378 681 2458; x_wconf 86' lang='lat' dir='ltr'>inspeclanlibus,</span> <span class='ocrx_word' id='word_1_157' title='bbox 717 2389 849 2438; x_wconf 88' lang='lat' dir='ltr'>accenso</span> <span class='ocrx_word' id='word_1_158' title='bbox 874 2377 911 2437; x_wconf 94' lang='lat' dir='ltr'>ad</span> <span class='ocrx_word' id='word_1_159' title='bbox 933 2374 964 2436; x_wconf 93' lang='lat' dir='ltr'>id</span> <span class='ocrx_word' id='word_1_160' title='bbox 987 2375 1056 2437; x_wconf 92' lang='lat' dir='ltr'>loco</span> <span class='ocrx_word' id='word_1_161' title='bbox 1077 2376 1229 2454; x_wconf 76' lang='lat' dir='ltr'>iniceret,</span> <span class='ocrx_word' id='word_1_162' title='bbox 1262 2394 1317 2438; x_wconf 88' lang='lat' dir='ltr'>sua</span> 
     </span>
     <span class='ocr_line' id='line_1_22' title="bbox 241 2475 1275 2559; baseline -0.004 -19"><span class='ocrx_word' id='word_1_163' title='bbox 241 2500 245 2506; x_wconf 59' lang='lat'>¹</span> <span class='ocrx_word' id='word_1_164' title='bbox 273 2479 450 2540; x_wconf 75' lang='lat' dir='ltr'>auctoritaie</span> <span class='ocrx_word' id='word_1_165' title='bbox 467 2477 634 2559; x_wconf 63' lang='lat' dir='ltr'>coepitii).</span> <span class='ocrx_word' id='word_1_166' title='bbox 657 2513 699 2526; x_wconf 95' lang='lat'>-</span> <span class='ocrx_word' id='word_1_167' title='bbox 1271 2475 1275 2482; x_wconf 86' lang='lat'>&#39;</span> 
     </span>
     <span class='ocr_line' id='line_1_23' title="bbox 353 2571 1320 2657; baseline -0.004 -19"><span class='ocrx_word' id='word_1_168' title='bbox 353 2577 448 2651; x_wconf 81' lang='lat' dir='ltr'>Quam</span> <span class='ocrx_word' id='word_1_169' title='bbox 479 2575 608 2657; x_wconf 86' lang='lat' dir='ltr'>denique</span> <span class='ocrx_word' id='word_1_170' title='bbox 638 2577 747 2638; x_wconf 84' lang='lat' dir='ltr'>Scelus</span> <span class='ocrx_word' id='word_1_171' title='bbox 777 2574 955 2636; x_wconf 76' lang='lat' dir='ltr'>senientiam</span> <span class='ocrx_word' id='word_1_172' title='bbox 979 2571 1017 2634; x_wconf 87' lang='lat' dir='ltr'>de</span> <span class='ocrx_word' id='word_1_173' title='bbox 1043 2589 1171 2653; x_wconf 89' lang='lat' dir='ltr'>corpore</span> <span class='ocrx_word' id='word_1_174' title='bbox 1193 2579 1223 2634; x_wconf 87' lang='lat' dir='ltr'>ol</span> <span class='ocrx_word' id='word_1_175' title='bbox 1243 2591 1320 2635; x_wconf 89' lang='lat' dir='ltr'>san-</span> 
     </span>
     <span class='ocr_line' id='line_1_24' title="bbox 271 2673 1318 2759; baseline -0.002 -21"><span class='ocrx_word' id='word_1_176' title='bbox 271 2675 504 2759; x_wconf 73' lang='lat' dir='ltr'>guine&#39;Domini</span> <span class='ocrx_word' id='word_1_177' title='bbox 528 2676 738 2758; x_wconf 77' lang='lat' dir='ltr'>proposuerit,</span> <span class='ocrx_word' id='word_1_178' title='bbox 773 2691 860 2754; x_wconf 86' lang='lat' dir='ltr'>quum</span> <span class='ocrx_word' id='word_1_179' title='bbox 894 2674 987 2754; x_wconf 91' lang='lat' dir='ltr'>ipsius</span> <span class='ocrx_word' id='word_1_180' title='bbox 1019 2673 1095 2734; x_wconf 87' lang='lat' dir='ltr'>liber</span> <span class='ocrx_word' id='word_1_181' title='bbox 1124 2674 1318 2754; x_wconf 87' lang='lat' dir='ltr'>iampridem</span> 
     </span>
     <span class='ocr_line' id='line_1_25' title="bbox 272 2775 1318 2856; baseline -0.004 -16"><span class='ocrx_word' id='word_1_182' title='bbox 272 2779 355 2840; x_wconf 84' lang='lat' dir='ltr'>uisus</span> <span class='ocrx_word' id='word_1_183' title='bbox 377 2795 438 2840; x_wconf 93' lang='lat' dir='ltr'>uon</span> <span class='ocrx_word' id='word_1_184' title='bbox 460 2777 518 2854; x_wconf 79' lang='lat' dir='ltr'>eit,</span> <span class='ocrx_word' id='word_1_185' title='bbox 549 2777 769 2839; x_wconf 86' lang='lat' dir='ltr'>oouiiciondum</span> <span class='ocrx_word' id='word_1_186' title='bbox 792 2782 839 2837; x_wconf 86' lang='lat' dir='ltr'>esl</span> <span class='ocrx_word' id='word_1_187' title='bbox 859 2793 898 2839; x_wconf 87' lang='lat' dir='ltr'>ex</span> <span class='ocrx_word' id='word_1_188' title='bbox 919 2775 1093 2856; x_wconf 75' lang='lat' dir='ltr'>Borangarii</span> <span class='ocrx_word' id='word_1_189' title='bbox 1116 2775 1318 2854; x_wconf 83' lang='lat' dir='ltr'>opinionibus,</span> 
     </span>
     <span class='ocr_line' id='line_1_26' title="bbox 271 2869 1400 2959; baseline -0.004 -19"><span class='ocrx_word' id='word_1_190' title='bbox 271 2884 374 2958; x_wconf 81' lang='lat' dir='ltr'>utpote</span> <span class='ocrx_word' id='word_1_191' title='bbox 395 2878 444 2959; x_wconf 87' lang='lat' dir='ltr'>qui</span> <span class='ocrx_word' id='word_1_192' title='bbox 461 2879 650 2941; x_wconf 81' lang='lat' dir='ltr'>continenler</span> <span class='ocrx_word' id='word_1_193' title='bbox 663 2878 758 2957; x_wconf 92' lang='lat' dir='ltr'>ipsum</span> <span class='ocrx_word' id='word_1_194' title='bbox 775 2894 848 2938; x_wconf 87' lang='lat' dir='ltr'>suae</span> <span class='ocrx_word' id='word_1_195' title='bbox 863 2869 1020 2937; x_wconf 82' lang='lat' dir='ltr'>docl&#39;rinae</span> <span class='ocrx_word' id='word_1_196' title='bbox 1036 2879 1188 2936; x_wconf 77' lang='lat' dir='ltr'>auctorem</span> <span class='ocrx_word' id='word_1_197' title='bbox 1204 2876 1318 2936; x_wconf 75' lang='lat' dir='ltr'>iactare</span> <span class='ocrx_word' id='word_1_198' title='bbox 1397 2879 1400 2885; x_wconf 82' lang='lat'>&#39;</span> 
     </span>
     <span class='ocr_line' id='line_1_27' title="bbox 273 2967 1324 3056; baseline -0.004 -16"><span class='ocrx_word' id='word_1_199' title='bbox 273 2979 312 3040; x_wconf 85' lang='lat' dir='ltr'>sii</span> <span class='ocrx_word' id='word_1_200' title='bbox 332 2978 436 3040; x_wconf 86' lang='lat' dir='ltr'>sollius</span> <span class='ocrx_word' id='word_1_201' title='bbox 449 2983 515 3055; x_wconf 79' lang='lat'>²⁰⁰).</span> <span class='ocrx_word' id='word_1_202' title='bbox 557 2978 642 3040; x_wconf 87' lang='lat' dir='ltr'>llane</span> <span class='ocrx_word' id='word_1_203' title='bbox 674 2994 748 3040; x_wconf 84' lang='lat' dir='ltr'>vero</span> <span class='ocrx_word' id='word_1_204' title='bbox 780 2976 828 3038; x_wconf 88' lang='lat' dir='ltr'>illa</span> <span class='ocrx_word' id='word_1_205' title='bbox 852 2975 1035 3056; x_wconf 82' lang='lat' dir='ltr'>potissimum</span> <span class='ocrx_word' id='word_1_206' title='bbox 1065 2974 1241 3055; x_wconf 80' lang='lat' dir='ltr'>Berengarii</span> <span class='ocrx_word' id='word_1_207' title='bbox 1261 2967 1324 3036; x_wconf 85' lang='lat' dir='ltr'>ad-¹</span> 
     </span>
     <span class='ocr_line' id='line_1_28' title="bbox 274 3074 1320 3158; baseline -0.004 -18"><span class='ocrx_word' id='word_1_208' title='bbox 274 3093 381 3140; x_wconf 87' lang='lat' dir='ltr'>versus</span> <span class='ocrx_word' id='word_1_209' title='bbox 402 3077 600 3141; x_wconf 86' lang='lat' dir='ltr'>Lnnlrancum</span> <span class='ocrx_word' id='word_1_210' title='bbox 619 3078 803 3158; x_wconf 82' lang='lat' dir='ltr'>scriptione,</span> <span class='ocrx_word' id='word_1_211' title='bbox 836 3093 923 3156; x_wconf 88' lang='lat' dir='ltr'>quam</span> <span class='ocrx_word' id='word_1_212' title='bbox 954 3075 987 3138; x_wconf 89' lang='lat' dir='ltr'>G.</span> <span class='ocrx_word' id='word_1_213' title='bbox 1009 3075 1045 3138; x_wconf 82' lang='lat' dir='ltr'>ll.</span> <span class='ocrx_word' id='word_1_214' title='bbox 1067 3074 1251 3155; x_wconf 84' lang='lat' dir='ltr'>Lessingius,</span> <span class='ocrx_word' id='word_1_215' title='bbox 1282 3092 1320 3136; x_wconf 87' lang='lat' dir='ltr'>eo</span> 
     </span>
     <span class='ocr_line' id='line_1_29' title="bbox 276 3173 1321 3258; baseline -0.004 -20"><span class='ocrx_word' id='word_1_216' title='bbox 276 3195 370 3258; x_wconf 86' lang='lat' dir='ltr'>usque</span> <span class='ocrx_word' id='word_1_217' title='bbox 379 3178 599 3240; x_wconf 84' lang='lat' dir='ltr'>recenlioribus</span> <span class='ocrx_word' id='word_1_218' title='bbox 607 3177 800 3258; x_wconf 72' lang='lat' dir='ltr'>incognitam,</span> <span class='ocrx_word' id='word_1_219' title='bbox 817 3173 1321 3255; x_wconf 76' lang='lat' dir='ltr'>exGuelferbytanaebibliothecae</span> 
     </span>
     <span class='ocr_line' id='line_1_30' title="bbox 278 3274 1323 3359; baseline -0.005 -19"><span class='ocrx_word' id='word_1_220' title='bbox 278 3276 402 3340; x_wconf 78' lang='lat' dir='ltr'>latebris</span> <span class='ocrx_word' id='word_1_221' title='bbox 422 3279 578 3359; x_wconf 85' lang='lat' dir='ltr'>prolraxil,</span> <span class='ocrx_word' id='word_1_222' title='bbox 601 3285 741 3359; x_wconf 84' lang='lat' dir='ltr'>quonium</span> <span class='ocrx_word' id='word_1_223' title='bbox 761 3277 835 3338; x_wconf 88' lang='lat' dir='ltr'>solis</span> <span class='ocrx_word' id='word_1_224' title='bbox 855 3283 912 3357; x_wconf 84' lang='lat' dir='ltr'>esi,</span> <span class='ocrx_word' id='word_1_225' title='bbox 933 3278 963 3338; x_wconf 92' lang='lat' dir='ltr'>in</span> <span class='ocrx_word' id='word_1_226' title='bbox 980 3281 1082 3356; x_wconf 77' lang='lat' dir='ltr'>operia</span> <span class='ocrx_word' id='word_1_227' title='bbox 1102 3274 1169 3336; x_wconf 88' lang='lat' dir='ltr'>luce</span> <span class='ocrx_word' id='word_1_228' title='bbox 1186 3274 1323 3336; x_wconf 86' lang='lat' dir='ltr'>colloca-</span> 
     </span>
    </p>
   </div>
   <div class='ocr_carea' id='block_1_7' title="bbox 284 3421 616 3443">
    <p class='ocr_par' dir='ltr' id='par_1_8' title="bbox 284 3421 616 3443">
     <span class='ocr_line' id='line_1_31' title="bbox 284 3421 616 3443; baseline 0.003 -1"><span class='ocrx_word' id='word_1_229' title='bbox 284 3421 616 3443; x_wconf 53' lang='grc' dir='ltr'>*Ἤ</span> 
     </span>
    </p>
   </div>
   <div class='ocr_carea' id='block_1_8' title="bbox 316 3493 901 3674">
    <p class='ocr_par' dir='ltr' id='par_1_9' title="bbox 316 3493 901 3674">
     <span class='ocr_line' id='line_1_32' title="bbox 317 3493 818 3586; baseline 0 -29"><span class='ocrx_word' id='word_1_230' title='bbox 317 3499 366 3572; x_wconf 83' lang='grc'>96)</span> <span class='ocrx_word' id='word_1_231' title='bbox 383 3505 415 3557; x_wconf 89' lang='lat' dir='ltr'>cl.</span> <span class='ocrx_word' id='word_1_232' title='bbox 434 3496 522 3557; x_wconf 79' lang='lat' dir='ltr'>Lnula‘.</span> <span class='ocrx_word' id='word_1_233' title='bbox 541 3506 559 3560; x_wconf 90' lang='lat' dir='ltr'>l.</span> <span class='ocrx_word' id='word_1_234' title='bbox 573 3523 594 3556; x_wconf 86' lang='lat' dir='ltr'>c.</span> <span class='ocrx_word' id='word_1_235' title='bbox 613 3523 639 3576; x_wconf 86' lang='lat' dir='ltr'>p.</span> <span class='ocrx_word' id='word_1_236' title='bbox 661 3493 818 3586; x_wconf 54' lang='lat'>7684779.</span> 
     </span>
     <span class='ocr_line' id='line_1_33' title="bbox 316 3605 901 3674; baseline 0.002 -15"><span class='ocrx_word' id='word_1_237' title='bbox 316 3605 529 3674; x_wconf 66' lang='lat' dir='ltr'>eipennoni.</span> <span class='ocrx_word' id='word_1_238' title='bbox 551 3616 615 3660; x_wconf 82' lang='lat' dir='ltr'>lom.</span> <span class='ocrx_word' id='word_1_239' title='bbox 634 3609 703 3661; x_wconf 83' lang='lat' dir='ltr'>xlx.</span> <span class='ocrx_word' id='word_1_240' title='bbox 725 3609 777 3660; x_wconf 86' lang='lat' dir='ltr'>col.</span> <span class='ocrx_word' id='word_1_241' title='bbox 800 3607 853 3660; x_wconf 80' lang='lat'>782</span> <span class='ocrx_word' id='word_1_242' title='bbox 873 3607 901 3661; x_wconf 83' lang='lat' dir='ltr'>E.</span> 
     </span>
    </p>
   </div>
   <div class='ocr_carea' id='block_1_9' title="bbox 317 3707 1323 3866">
    <p class='ocr_par' dir='ltr' id='par_1_10' title="bbox 317 3707 1323 3866">
     <span class='ocr_line' id='line_1_34' title="bbox 317 3707 1323 3782; baseline -0.003 -21"><span class='ocrx_word' id='word_1_243' title='bbox 317 3707 365 3776; x_wconf 83' lang='lat'>98)</span> <span class='ocrx_word' id='word_1_244' title='bbox 383 3709 417 3759; x_wconf 84' lang='lat' dir='ltr'>cl.</span> <span class='ocrx_word' id='word_1_245' title='bbox 438 3709 603 3761; x_wconf 76' lang='lat' dir='ltr'>Manilio.</span> <span class='ocrx_word' id='word_1_246' title='bbox 624 3712 675 3763; x_wconf 88' lang='lat' dir='ltr'>col.</span> <span class='ocrx_word' id='word_1_247' title='bbox 694 3711 744 3769; x_wconf 88' lang='grc'>757</span> <span class='ocrx_word' id='word_1_248' title='bbox 764 3711 784 3764; x_wconf 82' lang='lat' dir='ltr'>E</span> <span class='ocrx_word' id='word_1_249' title='bbox 803 3727 868 3782; x_wconf 74' lang='lat' dir='ltr'>seq,</span> <span class='ocrx_word' id='word_1_250' title='bbox 895 3711 946 3763; x_wconf 88' lang='lat' dir='ltr'>coi.</span> <span class='ocrx_word' id='word_1_251' title='bbox 968 3709 1064 3775; x_wconf 69' lang='lat'>7731‘,</span> <span class='ocrx_word' id='word_1_252' title='bbox 1094 3711 1145 3764; x_wconf 85' lang='lat' dir='ltr'>col.</span> <span class='ocrx_word' id='word_1_253' title='bbox 1165 3709 1216 3764; x_wconf 88' lang='grc'>778</span> <span class='ocrx_word' id='word_1_254' title='bbox 1229 3709 1257 3773; x_wconf 84' lang='lat' dir='ltr'>E,</span> <span class='ocrx_word' id='word_1_255' title='bbox 1272 3707 1323 3762; x_wconf 79' lang='lat' dir='ltr'>ool.</span> 
     </span>
     <span class='ocr_line' id='line_1_35' title="bbox 383 3795 551 3866; baseline -0.012 -18"><span class='ocrx_word' id='word_1_256' title='bbox 383 3795 434 3848; x_wconf 80' lang='lat'>760</span> <span class='ocrx_word' id='word_1_257' title='bbox 453 3797 476 3847; x_wconf 89' lang='lat' dir='ltr'>D</span> <span class='ocrx_word' id='word_1_258' title='bbox 494 3813 551 3866; x_wconf 78' lang='lat' dir='ltr'>nep.</span> 
     </span>
    </p>
   </div>
   <div class='ocr_carea' id='block_1_10' title="bbox 306 3855 1184 4077">
    <p class='ocr_par' dir='ltr' id='par_1_11' title="bbox 306 3855 1184 4077">
     <span class='ocr_line' id='line_1_36' title="bbox 319 3855 1067 3965; baseline 0.007 -16"><span class='ocrx_word' id='word_1_259' title='bbox 319 3895 367 3965; x_wconf 83' lang='lat'>99)</span> <span class='ocrx_word' id='word_1_260' title='bbox 388 3899 422 3951; x_wconf 83' lang='lat' dir='ltr'>ci.</span> <span class='ocrx_word' id='word_1_261' title='bbox 444 3887 538 3952; x_wconf 79' lang='lat' dir='ltr'>Menai.</span> <span class='ocrx_word' id='word_1_262' title='bbox 559 3901 577 3951; x_wconf 91' lang='lat' dir='ltr'>l.</span> <span class='ocrx_word' id='word_1_263' title='bbox 589 3917 614 3954; x_wconf 81' lang='lat' dir='ltr'>c.</span> <span class='ocrx_word' id='word_1_264' title='bbox 630 3901 680 3952; x_wconf 86' lang='lat' dir='ltr'>col.</span> <span class='ocrx_word' id='word_1_265' title='bbox 699 3900 751 3954; x_wconf 81' lang='lat'>902</span> <span class='ocrx_word' id='word_1_266' title='bbox 770 3903 873 3963; x_wconf 79' lang='lat' dir='ltr'>A-B,</span> <span class='ocrx_word' id='word_1_267' title='bbox 892 3901 944 3954; x_wconf 87' lang='lat' dir='ltr'>ccl.</span> <span class='ocrx_word' id='word_1_268' title='bbox 965 3901 1016 3955; x_wconf 84' lang='grc'>759</span> <span class='ocrx_word' id='word_1_269' title='bbox 1034 3855 1067 3954; x_wconf 73' lang='grc' dir='ltr'>Α.ι</span> 
     </span>
     <span class='ocr_line' id='line_1_37' title="bbox 306 3998 1184 4077; baseline 0.007 -25"><span class='ocrx_word' id='word_1_270' title='bbox 306 3998 370 4069; x_wconf 76' lang='grc'>100)</span> <span class='ocrx_word' id='word_1_271' title='bbox 391 4002 426 4056; x_wconf 83' lang='lat' dir='ltr'>cl.</span> <span class='ocrx_word' id='word_1_272' title='bbox 443 4003 537 4058; x_wconf 82' lang='lat' dir='ltr'>llitlar.</span> <span class='ocrx_word' id='word_1_273' title='bbox 554 4003 607 4062; x_wconf 76' lang='lat' dir='ltr'>lc.</span> <span class='ocrx_word' id='word_1_274' title='bbox 625 4003 686 4058; x_wconf 81' lang='lat' dir='ltr'>Vol.</span> <span class='ocrx_word' id='word_1_275' title='bbox 706 4003 738 4058; x_wconf 87' lang='lat'>11.</span> <span class='ocrx_word' id='word_1_276' title='bbox 755 4022 783 4076; x_wconf 87' lang='lat' dir='ltr'>p.</span> <span class='ocrx_word' id='word_1_277' title='bbox 800 4002 858 4070; x_wconf 84' lang='lat'>189,</span> <span class='ocrx_word' id='word_1_278' title='bbox 877 4011 905 4060; x_wconf 83' lang='lat' dir='ltr'>el</span> <span class='ocrx_word' id='word_1_279' title='bbox 923 4023 995 4077; x_wconf 83' lang='lat' dir='ltr'>supr.</span> <span class='ocrx_word' id='word_1_280' title='bbox 1014 4013 1070 4059; x_wconf 77' lang='lat' dir='ltr'>nol.</span> <span class='ocrx_word' id='word_1_281' title='bbox 1089 4004 1133 4057; x_wconf 82' lang='grc'>75.</span> <span class='ocrx_word' id='word_1_282' title='bbox 1149 4033 1184 4046; x_wconf 92' lang='lat'>-</span> 
     </span>
    </p>
   </div>
   <div class='ocr_carea' id='block_1_11' title="bbox 0 0 1482 4716">
    <p class='ocr_par' dir='ltr' id='par_1_12' title="bbox 0 0 1482 4716">
     <span class='ocr_line' id='line_1_38' title="bbox 0 0 1482 4716; baseline 0 0"><span class='ocrx_word' id='word_1_283' title='bbox 0 0 1482 4716; x_wconf 95' lang='lat' dir='ltr'> </span> 
     </span>
    </p>
   </div>
  </div>
 </body>
</html>
