2944 4714
642 251 694 310 ’.Π

589 325 744 346 m

121 432 182 502 atta
195 434 323 516 negotis
337 431 448 500 tontes
464 435 602 504 beselam
619 435 775 516 ordinm,
791 446 824 502 et
836 454 989 524 personas
1003 437 1040 505 erl
1055 457 1114 506 vos
1130 457 1212 508 cona

123 523 264 589 volantes
280 524 432 604 racipere.

211 608 299 683 Quod
316 613 345 671 ei
364 615 443 674 torte
466 627 575 693 panem
598 611 710 685 durans
732 613 832 676 cuivis
857 631 1009 696 persono,
1031 616 1102 680 sine
1124 635 1213 681 corrr-

122 697 206 759 mnai
222 713 376 760 consensu
400 698 449 760 vet
475 699 600 779 majoris
616 707 647 762 et
662 701 798 764 sanioris
816 703 910 781 partis
926 721 1031 767 earnm
1047 703 1113 768 atari
1130 721 1212 768 con·

124 784 241 863 tigerit,
257 784 369 846 lactum
385 783 461 848 illud
477 795 639 849 statuimus
655 788 773 850 irritum
786 805 867 864 esse,
884 799 912 850 et
925 791 1032 869 inarre;
1051 790 1132 872 qaod
1153 811 1212 854 au·

122 875 184 934 tem
201 872 241 932 rte
256 873 409 934 comissani
426 887 581 936 consensu
600 873 725 955 vrrajnris
741 883 773 937 et
787 877 921 942 sanioris
938 877 1032 955 partis
1043 881 1212 942 aarnratara

121 956 270 1022 tredecim
288 973 489 1038 personarum
505 959 566 1033 fiet,
592 960 686 1022 rubar
700 962 838 1027 obtineat
855 970 886 1024 et
901 963 1084 1026 llrnvvtatem.
1123 963 1214 1030 'latet

121 1052 224 1108 autern
250 1063 390 1124 persone
412 1045 448 1109 ad
474 1047 591 1126 agenda
616 1045 718 1111 otilcia
741 1050 851 1112 domus
878 1058 989 1114 vestre
1012 1049 1210 1133 deputentur,

122 1147 194 1212 que
209 1130 315 1194 fideles
331 1137 390 1200 sint
409 1139 438 1195 et
453 1132 607 1198 discrete.
649 1134 789 1198 Firmiter
805 1133 978 1200 iabib'ernus
995 1148 1027 1200 ιιι
1043 1157 1135 1204 nemu
1153 1159 1212 1202 ve-

121 1225 219 1284 strum
236 1215 495 1300 proclamationes
511 1229 542 1284 ct
558 1222 778 1303 querimonias,
798 1222 880 1286 ande
895 1223 1005 1289 doricus
1022 1239 1125 1288 vestra
1142 1234 1211 1288 tar-

120 1305 224 1385 betur,
247 1305 298 1368 vel
313 1306 498 1384 diffametur,
518 1309 556 1372 ad
581 1311 728 1373 seculum
750 1318 781 1373 et
795 1309 982 1375 audientiam
999 1312 1134 1380 satam
1150 1327 1211 1376 aue

121 1391 203 1458 dest.
249 1392 337 1468 Quod
360 1393 388 1458 si
413 1397 521 1458 lecerit
542 1395 654 1460 debite
677 1397 836 1476 subjaceat
859 1396 991 1462 attinnt·
1025 1391 1212 1464 'Districtius

121 1485 236 1552 sabran,
262 1498 291 1543 vn
317 1482 430 1544 virtute
450 1481 653 1554 obedientie,
676 1483 897 1562 probibemus,
921 1501 960 1547 ne
984 1485 1052 1566 uuis
1073 1495 1212 1550 vestrum

121 1567 427 1648 magisterium„vel
448 1567 573 1648 aliquurl
594 1570 729 1632 usticiam
751 1569 791 1632 dc
815 1588 905 1634 vuarru
928 1577 1107 1653 cujusquam
1132 1575 1205 1646 latei

120 1652 435 1733 montarcenne
460 1662 639 1734 presuumt3
664 1656 746 1738 quad
768 1659 795 1718 ai
820 1661 960 1736 recipere
976 1667 1208 1742 presumpserit

122 1745 163 1804 ab
178 1741 280 1806 officio
298 1740 350 1806 illo
367 1744 487 1822 penitus
503 1742 686 1822 expellatur,
702 1741 1017 1807 etaninvaalveralcne
1032 1747 1134 1809 debite
1149 1762 1212 1827 pue

122 1829 237 1893 sistor.
274 1830 391 1893 Statuta
415 1830 456 1892 rte
473 1831 611 1894 terminis
627 1835 741 1892 vestris
766 1849 826 1894 avon
844 1831 1112 1914 transgrediendis
1128 1833 1212 1896 edita

121 1915 252 1980 firmiter
267 1935 284 1978 ιι
301 1919 391 1980 vobis
408 1923 439 1980 et
456 1915 676 1980 inviolabiliter
692 1919 905 1980 observentur.
944 1916 1037 1980 ttutls
1052 1919 1213 1984 menteris

123 2019 258 2086 persona
278 2003 409 2066 secretis
429 2003 478 2066 vel
503 2004 649 2068 tractibus
672 2006 767 2068 vestri
797 2004 938 2083 capituli,
970 2009 1020 2067 nvn
1050 2008 1211 2088 negotium

122 2092 230 2173 agitur
246 2091 428 2163 animaruum
444 2092 548 2172 aliquo
566 2091 656 2155 modo
671 2091 858 2154 admittatur.

210 2174 293 2240 Nulli
309 2195 387 2260 ergo
403 2185 538 2241 veebum
555 2177 646 2242 liceat
662 2177 740 2240 banc
757 2179 897 2260 paginam
910 2186 1026 2244 nostro
1037 2178 1214 2246 ordinatio-

124 2264 176 2328 nis
193 2265 375 2344 intringere,
392 2263 441 2326 vel
458 2267 487 2328 ei
503 2283 583 2328 ausu
597 2267 763 2328 temerario
778 2267 944 2329 contrarie.
978 2267 1010 2328 Si
1027 2267 1097 2348 quis
1111 2275 1212 2332 autern

127 2351 189 2416 boc
210 2355 390 2432 attemptare
414 2355 655 2434 presumpserit,
678 2350 823 2433 prelatus
845 2359 948 2414 vester
972 2361 1213 2434 presumptum
1252 2357 1254 2360 ’

127 2445 160 2502 et
173 2437 308 2502 rebelles
330 2437 486 2519 quoslibet
499 2442 647 2522 corrigat,
664 2446 696 2502 at
711 2454 802 2520 paena
819 2439 955 2519 ipsorum
971 2440 1013 2502 sit
1027 2440 1096 2503 aliis
1113 2441 1145 2503 in
1155 2457 1215 2504 err-

128 2524 274 2604 ernplum.
310 2527 342 2590 si
363 2526 432 2606 quis
447 2545 524 2592 vero
541 2529 684 2606 pertinax
700 2531 731 2588 ct
752 2523 975 2608 incorrigibilis
1000 2530 1218 2608 permanserit,

128 2611 205 2676 aubi
223 2621 327 2695 parcat
342 2613 415 2692 quin
430 2614 598 2678 seeundum
615 2611 776 2696 regulares
791 2613 973 2680 traditiones
989 2633 1081 2678 ovem
1097 2616 1216 2679 morbi-

128 2699 198 2764 dam
216 2700 320 2780 ejiciat
334 2700 372 2762 ab
388 2693 476 2776 ovili,
492 2721 532 2765 ne
548 2701 662 2764 inficiat
677 2719 778 2764 senas.

215 2787 254 2850 Ut
268 2789 365 2867 igitur
379 2806 414 2850 es
431 2805 500 2868 que
510 2789 574 2868 J‘arn
591 2795 702 2851 statuta
726 2795 809 2864 sont,
830 2787 881 2851 vel
902 2788 933 2853 ln
956 2794 1125 2868 posterum,
1148 2797 1217 2854 ata-

128 2880 256 2938 tueatar
279 2874 401 2938 avobis
428 2874 518 2954 plene
534 2877 752 2952 observentur,
775 2874 920 2954 praelatus
943 2875 1051 2938 saltem
1074 2876 1170 2940 morel
1184 2879 1216 2938 tn

128 2977 224 3037 anno,
244 2970 304 3024 tarn
321 2961 353 3024 in
368 2960 417 3023 bis
433 2980 523 3043 qoam
539 2965 571 3025 in
586 2961 656 3025 aliis
671 2961 874 3024 observandis
889 2962 916 3024 sl
932 2961 1097 3044 negligens
1113 2969 1145 3025 et
1158 2981 1215 3026 re-

129 3049 243 3122 missus
258 3049 361 3123 tuerit,
382 3049 464 3128 qaod
480 3049 571 3126 absit,
598 3065 741 3130 persone
764 3048 873 3112 aloinus
894 3055 1007 3112 vestre
1033 3047 1133 3113 officia
1155 3065 1216 3131 ge·

128 3141 236 3200 rentes
250 3153 322 3198 eam
336 3136 369 3198 in
384 3135 518 3217 capitulo
535 3135 691 3199 humiliter
706 3143 737 3198 et
751 3137 913 3199 caritative
928 3153 1056 3200 monere
1070 3141 1217 3216 poterunt

130 3227 162 3286 et
177 3222 332 3285 debebunt
354 3229 388 3285 ut
402 3223 439 3284 ad
457 3222 649 3286 observanda
671 3222 819 3302 predicta
842 3223 987 3287 ardenter
1010 3221 1164 3304 invigilet,
1186 3225 1219 3284 et
1248 3229 1250 3232 ’

128 3308 263 3372 viriliter
277 3309 464 3391 accingatur.
503 3309 634 3383 Quodsi
658 3307 882 3390 incorrigibilis
907 3311 1123 3391 permanserit,
1145 3308 1215 3387 ejus

102 3433 104 3436 -
129 3395 351 3478 negligentiam
377 3405 408 3458 et
433 3394 733 3478 incorrigibilitatem
758 3399 945 3460 tenebuntur
966 3396 1002 3460 ad
1018 3397 1214 3477 superiorum

130 3483 316 3550 audientiam
332 3490 503 3564 reportare.
535 3485 573 3547 Ut
587 3491 687 3547 autem
704 3482 771 3548 bec
787 3486 890 3548 ornnia
906 3485 937 3546 in
953 3489 1135 3565 perpetuum
1151 3487 1218 3546 rata

131 3579 333 3651 permaneant
356 3577 389 3632 ct
405 3572 603 3650 inconcussa,
629 3578 815 3650 presentem
838 3570 981 3652 paginam
1002 3569 1099 3652 sigilli
1117 3569 1218 3633 nostrl

130 3657 323 3738 appensione
338 3657 515 3723 roboratam
531 3657 620 3723 vobis
636 3659 666 3720 in
685 3658 894 3721 testimoniam
910 3657 1135 3720 contulimusct
1146 3673 1218 3720 mu-

131 3745 248 3808 nimen.
276 3745 387 3808 Datum
402 3747 496 3810 Anno
511 3746 734 3808 incarnationis
749 3745 920 3810 Dominice
934 3742 1166 3807 mccxxxxu.

130 3889 243 3951 Bkett
266 3894 314 3950 de
337 3897 380 3950 ln
397 3895 596 3951 tondente·
615 3897 663 3950 ue
680 3893 837 3960 l’egttre
859 3896 1063 3961 sottegtnte
1086 3896 1135 3950 de
1152 3898 1217 3954 ut.-

124 3959 146 3992 “
513 3985 650 4038 naara·
668 3980 693 4034 t
709 3982 838 4047 haege.

219 4087 253 4154 la
271 4089 401 4156 nomine
422 4099 540 4158 sancte
558 4100 590 4156 et
612 4090 778 4155 individuo
793 4089 952 4156 Trinitatis
976 4109 1057 4158 anne
1079 4089 1217 4157 aaronita

132 4185 204 4261 post
218 4179 354 4243 reditum
370 4181 402 4244 B.
419 4180 544 4246 llarbni
559 4179 597 4245 ab
612 4177 723 4260 exitio,
743 4177 889 4244 videlieet
904 4198 921 4244 a
937 4181 1060 4247 ctvttate
1074 4179 1219 4244 Artisica
