<?xml version="1.0" encoding="UTF-8"?>
<!DOCTYPE html PUBLIC "-//W3C//DTD XHTML 1.0 Transitional//EN"
    "http://www.w3.org/TR/xhtml1/DTD/xhtml1-transitional.dtd">
<html xmlns="http://www.w3.org/1999/xhtml" xml:lang="en" lang="en">
 <head>
  <title>
</title>
<meta http-equiv="Content-Type" content="text/html;charset=utf-8" />
  <meta name='ocr-system' content='tesseract 3.04.00' />
  <meta name='ocr-capabilities' content='ocr_page ocr_carea ocr_par ocr_line ocrx_word'/>
</head>
<body>
  <div class='ocr_page' id='page_1' title='image "./deioannescotoer00unkngoog_0026.png"; bbox 0 0 2938 4716; ppageno 0'>
   <div class='ocr_carea' id='block_1_1' title="bbox 1137 389 1173 452">
    <p class='ocr_par' dir='ltr' id='par_1_1' title="bbox 1137 389 1173 452">
     <span class='ocr_line' id='line_1_1' title="bbox 1137 389 1173 452; baseline 0.056 -2"><span class='ocrx_word' id='word_1_1' title='bbox 1137 389 1173 452; x_wconf 86' lang='lat' dir='ltr'><strong>l9</strong></span> 
     </span>
    </p>
   </div>
   <div class='ocr_carea' id='block_1_2' title="bbox 123 553 1201 3648">
    <p class='ocr_par' dir='ltr' id='par_1_2' title="bbox 136 553 1201 2545">
     <span class='ocr_line' id='line_1_2' title="bbox 154 553 1173 638; baseline 0.004 -21"><span class='ocrx_word' id='word_1_2' title='bbox 154 555 349 638; x_wconf 74' lang='lat' dir='ltr'><strong>philosophiae</strong></span> <span class='ocrx_word' id='word_1_3' title='bbox 377 553 470 614; x_wconf 83' lang='lat' dir='ltr'><strong>torma</strong></span> <span class='ocrx_word' id='word_1_4' title='bbox 499 553 642 633; x_wconf 86' lang='lat' dir='ltr'><strong>comitur,</strong></span> <span class='ocrx_word' id='word_1_5' title='bbox 669 573 707 615; x_wconf 81' lang='lat' dir='ltr'><strong>ex</strong></span> <span class='ocrx_word' id='word_1_6' title='bbox 727 553 864 618; x_wconf 75' lang='lat' dir='ltr'>Hibernia</span> <span class='ocrx_word' id='word_1_7' title='bbox 881 557 936 635; x_wconf 89' lang='lat' dir='ltr'><strong>ipsi</strong></span> <span class='ocrx_word' id='word_1_8' title='bbox 952 556 1083 636; x_wconf 88' lang='lat' dir='ltr'><strong>prolecta</strong></span> <span class='ocrx_word' id='word_1_9' title='bbox 1104 575 1173 621; x_wconf 86' lang='lat' dir='ltr'><strong>esso</strong></span> 
     </span>
     <span class='ocr_line' id='line_1_3' title="bbox 155 645 1201 737; baseline 0.003 -20"><span class='ocrx_word' id='word_1_10' title='bbox 155 663 260 736; x_wconf 85' lang='lat' dir='ltr'><strong>potest:</strong></span> <span class='ocrx_word' id='word_1_11' title='bbox 279 659 343 737; x_wconf 90' lang='lat' dir='ltr'><strong>ipsa</strong></span> <span class='ocrx_word' id='word_1_12' title='bbox 361 655 426 716; x_wconf 88' lang='lat' dir='ltr'><strong>eius</strong></span> <span class='ocrx_word' id='word_1_13' title='bbox 442 652 639 735; x_wconf 82' lang='lat' dir='ltr'><strong>philosophia,</strong></span> <span class='ocrx_word' id='word_1_14' title='bbox 663 655 694 716; x_wconf 93' lang='lat' dir='ltr'><strong>id</strong></span> <span class='ocrx_word' id='word_1_15' title='bbox 714 656 793 735; x_wconf 91' lang='lat' dir='ltr'><strong>quod</strong></span> <span class='ocrx_word' id='word_1_16' title='bbox 816 657 872 718; x_wconf 87' lang='lat' dir='ltr'><strong>iam</strong></span> <span class='ocrx_word' id='word_1_17' title='bbox 895 675 932 718; x_wconf 81' lang='lat' dir='ltr'><strong>ra·</strong></span> <span class='ocrx_word' id='word_1_18' title='bbox 947 657 1085 720; x_wconf 83' lang='lat' dir='ltr'><strong>Bructeri</strong></span> <span class='ocrx_word' id='word_1_19' title='bbox 1101 675 1173 720; x_wconf 88' lang='lat' dir='ltr'><strong>ver·</strong></span> <span class='ocrx_word' id='word_1_20' title='bbox 1195 645 1201 656; x_wconf 75' lang='grc'><strong>’</strong></span> 
     </span>
     <span class='ocr_line' id='line_1_4' title="bbox 154 756 1171 840; baseline -0.001 -21"><span class='ocrx_word' id='word_1_21' title='bbox 154 757 208 834; x_wconf 89' lang='lat' dir='ltr'><strong>bis,</strong></span> <span class='ocrx_word' id='word_1_22' title='bbox 228 775 301 840; x_wconf 87' lang='lat' dir='ltr'><strong>quae</strong></span> <span class='ocrx_word' id='word_1_23' title='bbox 322 773 410 836; x_wconf 89' lang='lat' dir='ltr'><strong>supra</strong></span> <span class='ocrx_word' id='word_1_24' title='bbox 421 757 464 830; x_wconf 71' lang='lat'><strong>²⁶)</strong></span> <span class='ocrx_word' id='word_1_25' title='bbox 486 756 586 818; x_wconf 87' lang='lat' dir='ltr'><strong>ultimo</strong></span> <span class='ocrx_word' id='word_1_26' title='bbox 608 756 675 818; x_wconf 91' lang='lat' dir='ltr'><strong>loco</strong></span> <span class='ocrx_word' id='word_1_27' title='bbox 698 758 858 837; x_wconf 81' lang='lat' dir='ltr'><strong>posuimus,</strong></span> <span class='ocrx_word' id='word_1_28' title='bbox 890 759 1007 840; x_wconf 87' lang='lat' dir='ltr'><strong>planum</strong></span> <span class='ocrx_word' id='word_1_29' title='bbox 1030 765 1086 836; x_wconf 89' lang='lat' dir='ltr'><strong>est,</strong></span> <span class='ocrx_word' id='word_1_30' title='bbox 1116 758 1171 821; x_wconf 86' lang='lat' dir='ltr'><strong>ali.</strong></span> 
     </span>
     <span class='ocr_line' id='line_1_5' title="bbox 155 857 1171 940; baseline 0.001 -20"><span class='ocrx_word' id='word_1_31' title='bbox 155 859 229 920; x_wconf 87' lang='lat' dir='ltr'><strong>nude</strong></span> <span class='ocrx_word' id='word_1_32' title='bbox 245 860 335 920; x_wconf 88' lang='lat' dir='ltr'><strong>venit.</strong></span> <span class='ocrx_word' id='word_1_33' title='bbox 379 857 471 920; x_wconf 88' lang='lat' dir='ltr'><strong>liuius</strong></span> <span class='ocrx_word' id='word_1_34' title='bbox 497 857 542 919; x_wconf 90' lang='lat' dir='ltr'><strong>rei</strong></span> <span class='ocrx_word' id='word_1_35' title='bbox 562 858 819 921; x_wconf 89' lang='lat' dir='ltr'><strong>luculentissimum</strong></span> <span class='ocrx_word' id='word_1_36' title='bbox 841 861 931 940; x_wconf 91' lang='lat' dir='ltr'><strong>ipsius</strong></span> <span class='ocrx_word' id='word_1_37' title='bbox 953 859 1101 940; x_wconf 80' lang='lat' dir='ltr'><strong>Erigonae</strong></span> <span class='ocrx_word' id='word_1_38' title='bbox 1123 867 1171 921; x_wconf 86' lang='lat' dir='ltr'><strong>te-</strong></span> 
     </span>
     <span class='ocr_line' id='line_1_6' title="bbox 152 959 1172 1040; baseline 0.002 -20"><span class='ocrx_word' id='word_1_39' title='bbox 152 959 310 1021; x_wconf 87' lang='lat' dir='ltr'><strong>stimonium</strong></span> <span class='ocrx_word' id='word_1_40' title='bbox 323 975 534 1040; x_wconf 86' lang='lat' dir='ltr'><strong>proponemus,</strong></span> <span class='ocrx_word' id='word_1_41' title='bbox 556 959 636 1038; x_wconf 92' lang='lat' dir='ltr'><strong>quod</strong></span> <span class='ocrx_word' id='word_1_42' title='bbox 657 966 752 1020; x_wconf 83' lang='lat' dir='ltr'><strong>exstat</strong></span> <span class='ocrx_word' id='word_1_43' title='bbox 772 962 801 1020; x_wconf 91' lang='lat' dir='ltr'><strong>in</strong></span> <span class='ocrx_word' id='word_1_44' title='bbox 822 961 975 1040; x_wconf 90' lang='lat' dir='ltr'><strong>pmoemio</strong></span> <span class='ocrx_word' id='word_1_45' title='bbox 998 961 1033 1022; x_wconf 88' lang='lat' dir='ltr'><strong>ad</strong></span> <span class='ocrx_word' id='word_1_46' title='bbox 1054 959 1172 1036; x_wconf 90' lang='lat' dir='ltr'><strong>„Scho-</strong></span> 
     </span>
     <span class='ocr_line' id='line_1_7' title="bbox 151 1056 1172 1143; baseline 0.005 -25"><span class='ocrx_word' id='word_1_47' title='bbox 151 1056 188 1119; x_wconf 88' lang='lat' dir='ltr'><strong>lia</strong></span> <span class='ocrx_word' id='word_1_48' title='bbox 206 1076 229 1121; x_wconf 91' lang='lat' dir='ltr'><strong>s.</strong></span> <span class='ocrx_word' id='word_1_49' title='bbox 252 1059 372 1122; x_wconf 83' lang='lat' dir='ltr'><strong>hiaximi</strong></span> <span class='ocrx_word' id='word_1_50' title='bbox 393 1060 424 1120; x_wconf 93' lang='lat' dir='ltr'><strong>iu</strong></span> <span class='ocrx_word' id='word_1_51' title='bbox 444 1057 620 1140; x_wconf 83' lang='lat' dir='ltr'><strong>Gregorium</strong></span> <span class='ocrx_word' id='word_1_52' title='bbox 641 1057 894 1141; x_wconf 62' lang='lat' dir='ltr'><strong>mcotogumms‘</strong></span> <span class='ocrx_word' id='word_1_53' title='bbox 925 1059 970 1122; x_wconf 83' lang='lat' dir='ltr'><strong>Eo</strong></span> <span class='ocrx_word' id='word_1_54' title='bbox 992 1061 1081 1143; x_wconf 87' lang='lat' dir='ltr'><strong>igitur</strong></span> <span class='ocrx_word' id='word_1_55' title='bbox 1103 1060 1172 1123; x_wconf 91' lang='lat' dir='ltr'><strong>loco</strong></span> 
     </span>
     <span class='ocr_line' id='line_1_8' title="bbox 150 1159 1171 1242; baseline 0.002 -22"><span class='ocrx_word' id='word_1_56' title='bbox 150 1160 247 1239; x_wconf 88' lang='lat' dir='ltr'><strong>paucis</strong></span> <span class='ocrx_word' id='word_1_57' title='bbox 279 1161 382 1224; x_wconf 86' lang='lat' dir='ltr'><strong>verbis</strong></span> <span class='ocrx_word' id='word_1_58' title='bbox 412 1163 500 1222; x_wconf 93' lang='lat' dir='ltr'><strong>totius</strong></span> <span class='ocrx_word' id='word_1_59' title='bbox 535 1159 739 1242; x_wconf 85' lang='lat' dir='ltr'><strong>philosophiae</strong></span> <span class='ocrx_word' id='word_1_60' title='bbox 770 1177 843 1222; x_wconf 87' lang='lat' dir='ltr'><strong>suaa</strong></span> <span class='ocrx_word' id='word_1_61' title='bbox 872 1161 1001 1224; x_wconf 82' lang='lat' dir='ltr'><strong>indolem</strong></span> <span class='ocrx_word' id='word_1_62' title='bbox 1033 1167 1171 1225; x_wconf 89' lang='lat' dir='ltr'><strong>accurate</strong></span> 
     </span>
     <span class='ocr_line' id='line_1_9' title="bbox 151 1257 1172 1341; baseline 0.006 -22"><span class='ocrx_word' id='word_1_63' title='bbox 151 1257 297 1335; x_wconf 89' lang='lat' dir='ltr'><strong>describit,</strong></span> <span class='ocrx_word' id='word_1_64' title='bbox 318 1261 388 1323; x_wconf 91' lang='lat' dir='ltr'><strong>huie</strong></span> <span class='ocrx_word' id='word_1_65' title='bbox 411 1261 601 1341; x_wconf 75' lang='lat' dir='ltr'><strong>descriptioni</strong></span> <span class='ocrx_word' id='word_1_66' title='bbox 623 1263 663 1323; x_wconf 88' lang='lat' dir='ltr'><strong>ita</strong></span> <span class='ocrx_word' id='word_1_67' title='bbox 685 1261 849 1341; x_wconf 87' lang='lat' dir='ltr'><strong>praelatus:</strong></span> <span class='ocrx_word' id='word_1_68' title='bbox 871 1261 1059 1338; x_wconf 81' lang='lat' dir='ltr'><strong>„Fortassis.</strong></span> <span class='ocrx_word' id='word_1_69' title='bbox 1082 1279 1172 1325; x_wconf 87' lang='lat' dir='ltr'><strong>.non</strong></span> 
     </span>
     <span class='ocr_line' id='line_1_10' title="bbox 149 1361 1171 1443; baseline 0.005 -23"><span class='ocrx_word' id='word_1_70' title='bbox 149 1363 204 1420; x_wconf 87' lang='lat' dir='ltr'><strong>tan</strong></span> <span class='ocrx_word' id='word_1_71' title='bbox 227 1363 336 1424; x_wconf 86' lang='lat' dir='ltr'><strong>densas</strong></span> <span class='ocrx_word' id='word_1_72' title='bbox 359 1361 498 1424; x_wconf 83' lang='lat' dir='ltr'><strong>subierim</strong></span> <span class='ocrx_word' id='word_1_73' title='bbox 528 1361 672 1443; x_wconf 78' lang='lat' dir='ltr'><strong>caligines</strong></span> <span class='ocrx_word' id='word_1_74' title='bbox 699 1373 740 1436; x_wconf 85' lang='lat' dir='ltr'><strong>(s.</strong></span> <span class='ocrx_word' id='word_1_75' title='bbox 762 1361 914 1440; x_wconf 83' lang='lat' dir='ltr'><strong>htaximi),</strong></span> <span class='ocrx_word' id='word_1_76' title='bbox 947 1362 1005 1424; x_wconf 92' lang='lat' dir='ltr'><strong>nisi</strong></span> <span class='ocrx_word' id='word_1_77' title='bbox 1038 1361 1171 1426; x_wconf 84' lang='lat' dir='ltr'><strong>viderem</strong></span> 
     </span>
     <span class='ocr_line' id='line_1_11' title="bbox 149 1459 1171 1543; baseline 0.002 -21"><span class='ocrx_word' id='word_1_78' title='bbox 149 1461 307 1539; x_wconf 85' lang='lat' dir='ltr'><strong>praelatum</strong></span> <span class='ocrx_word' id='word_1_79' title='bbox 330 1465 362 1524; x_wconf 87' lang='lat' dir='ltr'><strong>B.</strong></span> <span class='ocrx_word' id='word_1_80' title='bbox 386 1459 539 1524; x_wconf 86' lang='lat' dir='ltr'><strong>htaximom</strong></span> <span class='ocrx_word' id='word_1_81' title='bbox 561 1507 592 1523; x_wconf 92' lang='lat'><strong>..</strong></span> <span class='ocrx_word' id='word_1_82' title='bbox 614 1463 642 1522; x_wconf 94' lang='lat' dir='ltr'><strong>in</strong></span> <span class='ocrx_word' id='word_1_83' title='bbox 665 1479 809 1542; x_wconf 89' lang='lat' dir='ltr'><strong>processu</strong></span> <span class='ocrx_word' id='word_1_84' title='bbox 829 1463 873 1525; x_wconf 90' lang='lat' dir='ltr'><strong>sui</strong></span> <span class='ocrx_word' id='word_1_85' title='bbox 896 1463 995 1543; x_wconf 83' lang='lat' dir='ltr'><strong>operis</strong></span> <span class='ocrx_word' id='word_1_86' title='bbox 1017 1461 1171 1524; x_wconf 78' lang='lat' dir='ltr'><strong>obscums-</strong></span> 
     </span>
     <span class='ocr_line' id='line_1_12' title="bbox 149 1561 1170 1643; baseline 0.006 -23"><span class='ocrx_word' id='word_1_87' title='bbox 149 1561 235 1623; x_wconf 89' lang='lat' dir='ltr'><strong>simas</strong></span> <span class='ocrx_word' id='word_1_88' title='bbox 254 1579 279 1624; x_wconf 91' lang='lat' dir='ltr'><strong>s.</strong></span> <span class='ocrx_word' id='word_1_89' title='bbox 303 1563 439 1642; x_wconf 79' lang='lat' dir='ltr'><strong>Dionysii</strong></span> <span class='ocrx_word' id='word_1_90' title='bbox 459 1563 658 1643; x_wconf 75' lang='lat' dir='ltr'><strong>Areopagitae</strong></span> <span class='ocrx_word' id='word_1_91' title='bbox 681 1563 854 1638; x_wconf 86' lang='lat' dir='ltr'><strong>sententias,</strong></span> <span class='ocrx_word' id='word_1_92' title='bbox 887 1563 969 1625; x_wconf 82' lang='lat' dir='ltr'><strong>euius</strong></span> <span class='ocrx_word' id='word_1_93' title='bbox 990 1562 1170 1643; x_wconf 77' lang='lat' dir='ltr'><strong>symbolicos</strong></span> 
     </span>
     <span class='ocr_line' id='line_1_13' title="bbox 147 1661 1169 1744; baseline 0.003 -20"><span class='ocrx_word' id='word_1_94' title='bbox 147 1661 388 1744; x_wconf 73' lang='lat' dir='ltr'><strong>theologicosque</strong></span> <span class='ocrx_word' id='word_1_95' title='bbox 416 1679 522 1725; x_wconf 90' lang='lat' dir='ltr'><strong>sensus</strong></span> <span class='ocrx_word' id='word_1_96' title='bbox 550 1679 642 1742; x_wconf 88' lang='lat' dir='ltr'><strong>nuper</strong></span> <span class='ocrx_word' id='word_1_97' title='bbox 671 1663 810 1741; x_wconf 63' lang='lat' dir='ltr'><strong>natiso)</strong></span> <span class='ocrx_word' id='word_1_98' title='bbox 840 1663 973 1726; x_wconf 89' lang='lat' dir='ltr'><strong>similiter</strong></span> <span class='ocrx_word' id='word_1_99' title='bbox 1002 1663 1169 1727; x_wconf 88' lang='lat' dir='ltr'><strong>iubentibus</strong></span> 
     </span>
     <span class='ocr_line' id='line_1_14' title="bbox 146 1761 1170 1843; baseline 0.002 -21"><span class='ocrx_word' id='word_1_100' title='bbox 146 1763 288 1840; x_wconf 88' lang='lat' dir='ltr'><strong>transtuli,</strong></span> <span class='ocrx_word' id='word_1_101' title='bbox 308 1762 518 1840; x_wconf 76' lang='lat' dir='ltr'><strong>imminuisse,</strong></span> <span class='ocrx_word' id='word_1_102' title='bbox 540 1761 722 1843; x_wconf 85' lang='lat' dir='ltr'><strong>mirabilique</strong></span> <span class='ocrx_word' id='word_1_103' title='bbox 741 1762 830 1824; x_wconf 90' lang='lat' dir='ltr'><strong>modo</strong></span> <span class='ocrx_word' id='word_1_104' title='bbox 851 1762 1039 1840; x_wconf 75' lang='lat' dir='ltr'><strong>dilucidasse,</strong></span> <span class='ocrx_word' id='word_1_105' title='bbox 1058 1763 1088 1825; x_wconf 94' lang='lat' dir='ltr'><strong>in</strong></span> <span class='ocrx_word' id='word_1_106' title='bbox 1101 1771 1170 1824; x_wconf 87' lang='lat' dir='ltr'><strong>tan-</strong></span> 
     </span>
     <span class='ocr_line' id='line_1_15' title="bbox 143 1861 1167 1944; baseline 0.002 -21"><span class='ocrx_word' id='word_1_107' title='bbox 143 1869 222 1936; x_wconf 87' lang='lat' dir='ltr'><strong>ium,</strong></span> <span class='ocrx_word' id='word_1_108' title='bbox 254 1869 285 1925; x_wconf 90' lang='lat' dir='ltr'><strong>ut</strong></span> <span class='ocrx_word' id='word_1_109' title='bbox 306 1861 384 1925; x_wconf 92' lang='lat' dir='ltr'><strong>nullo</strong></span> <span class='ocrx_word' id='word_1_110' title='bbox 406 1861 496 1924; x_wconf 91' lang='lat' dir='ltr'><strong>modo</strong></span> <span class='ocrx_word' id='word_1_111' title='bbox 518 1861 681 1925; x_wconf 73' lang='lat' dir='ltr'><strong>dubitarem</strong></span> <span class='ocrx_word' id='word_1_112' title='bbox 705 1863 833 1924; x_wconf 86' lang='lat' dir='ltr'><strong>diuinam</strong></span> <span class='ocrx_word' id='word_1_113' title='bbox 855 1863 1058 1942; x_wconf 89' lang='lat' dir='ltr'><strong>elementiam,</strong></span> <span class='ocrx_word' id='word_1_114' title='bbox 1090 1881 1167 1944; x_wconf 86' lang='lat' dir='ltr'><strong>quae</strong></span> 
     </span>
     <span class='ocr_line' id='line_1_16' title="bbox 142 1961 1167 2045; baseline 0 -21"><span class='ocrx_word' id='word_1_115' title='bbox 142 1963 283 2025; x_wconf 90' lang='lat' dir='ltr'><strong>illuminat</strong></span> <span class='ocrx_word' id='word_1_116' title='bbox 305 1961 480 2025; x_wconf 84' lang='lat' dir='ltr'><strong>abscondita</strong></span> <span class='ocrx_word' id='word_1_117' title='bbox 503 1963 708 2040; x_wconf 86' lang='lat' dir='ltr'><strong>tenebrarum,</strong></span> <span class='ocrx_word' id='word_1_118' title='bbox 739 1981 792 2026; x_wconf 88' lang='lat' dir='ltr'><strong>sua</strong></span> <span class='ocrx_word' id='word_1_119' title='bbox 820 1963 960 2026; x_wconf 86' lang='lat' dir='ltr'><strong>inellabili</strong></span> <span class='ocrx_word' id='word_1_120' title='bbox 982 1963 1167 2045; x_wconf 85' lang='lat' dir='ltr'><strong>providentia</strong></span> 
     </span>
     <span class='ocr_line' id='line_1_17' title="bbox 141 2061 1165 2143; baseline 0.002 -19"><span class='ocrx_word' id='word_1_121' title='bbox 141 2063 202 2124; x_wconf 89' lang='lat' dir='ltr'><strong>hoo</strong></span> <span class='ocrx_word' id='word_1_122' title='bbox 222 2063 414 2143; x_wconf 88' lang='lat' dir='ltr'><strong>disposuisse,</strong></span> <span class='ocrx_word' id='word_1_123' title='bbox 436 2069 467 2124; x_wconf 93' lang='lat' dir='ltr'><strong>ul</strong></span> <span class='ocrx_word' id='word_1_124' title='bbox 486 2079 523 2124; x_wconf 89' lang='lat' dir='ltr'><strong>ea</strong></span> <span class='ocrx_word' id='word_1_125' title='bbox 546 2063 672 2143; x_wconf 84' lang='lat' dir='ltr'><strong>quidem,</strong></span> <span class='ocrx_word' id='word_1_126' title='bbox 695 2081 771 2142; x_wconf 89' lang='lat' dir='ltr'><strong>quoe</strong></span> <span class='ocrx_word' id='word_1_127' title='bbox 789 2063 875 2125; x_wconf 91' lang='lat' dir='ltr'><strong>nobis</strong></span> <span class='ocrx_word' id='word_1_128' title='bbox 890 2064 1016 2125; x_wconf 81' lang='lat' dir='ltr'><strong>maxime</strong></span> <span class='ocrx_word' id='word_1_129' title='bbox 1032 2061 1165 2126; x_wconf 88' lang='lat' dir='ltr'><strong>abstrusa</strong></span> 
     </span>
     <span class='ocr_line' id='line_1_18' title="bbox 141 2163 1166 2244; baseline -0.001 -18"><span class='ocrx_word' id='word_1_130' title='bbox 141 2165 172 2227; x_wconf 87' lang='lat' dir='ltr'><strong>in</strong></span> <span class='ocrx_word' id='word_1_131' title='bbox 199 2163 357 2244; x_wconf 87' lang='lat' dir='ltr'><strong>praedictis</strong></span> <span class='ocrx_word' id='word_1_132' title='bbox 388 2167 421 2224; x_wconf 88' lang='lat' dir='ltr'><strong>B.</strong></span> <span class='ocrx_word' id='word_1_133' title='bbox 452 2163 585 2243; x_wconf 81' lang='lat' dir='ltr'><strong>Dionysii</strong></span> <span class='ocrx_word' id='word_1_134' title='bbox 616 2163 697 2225; x_wconf 90' lang='lat' dir='ltr'><strong>libris</strong></span> <span class='ocrx_word' id='word_1_135' title='bbox 727 2169 777 2224; x_wconf 91' lang='lat' dir='ltr'><strong>aut</strong></span> <span class='ocrx_word' id='word_1_136' title='bbox 808 2165 856 2224; x_wconf 80' lang='lat' dir='ltr'><strong>vix</strong></span> <span class='ocrx_word' id='word_1_137' title='bbox 879 2163 978 2244; x_wconf 84' lang='lat' dir='ltr'><strong>pervia</strong></span> <span class='ocrx_word' id='word_1_138' title='bbox 1002 2179 1166 2242; x_wconf 86' lang='lat' dir='ltr'><strong>sensusque</strong></span> 
     </span>
     <span class='ocr_line' id='line_1_19' title="bbox 139 2261 1166 2344; baseline -0.002 -18"><span class='ocrx_word' id='word_1_139' title='bbox 139 2270 259 2326; x_wconf 87' lang='lat' dir='ltr'><strong>nostros</strong></span> <span class='ocrx_word' id='word_1_140' title='bbox 282 2263 385 2344; x_wconf 86' lang='lat' dir='ltr'><strong>lugere</strong></span> <span class='ocrx_word' id='word_1_141' title='bbox 405 2261 588 2339; x_wconf 87' lang='lat' dir='ltr'><strong>videbantur,</strong></span> <span class='ocrx_word' id='word_1_142' title='bbox 609 2265 754 2343; x_wconf 87' lang='lat' dir='ltr'><strong>aperiret,</strong></span> <span class='ocrx_word' id='word_1_143' title='bbox 785 2263 1003 2344; x_wconf 86' lang='lat' dir='ltr'><strong>sapientissimo</strong></span> <span class='ocrx_word' id='word_1_144' title='bbox 1031 2261 1166 2344; x_wconf 85' lang='lat' dir='ltr'><strong>praelato</strong></span> 
     </span>
     <span class='ocr_line' id='line_1_20' title="bbox 136 2361 1162 2442; baseline 0.001 -15"><span class='ocrx_word' id='word_1_145' title='bbox 136 2363 264 2428; x_wconf 83' lang='lat' dir='ltr'><strong>blaximo</strong></span> <span class='ocrx_word' id='word_1_146' title='bbox 285 2361 465 2425; x_wconf 90' lang='lat' dir='ltr'><strong>lucidissime</strong></span> <span class='ocrx_word' id='word_1_147' title='bbox 486 2361 669 2442; x_wconf 83' lang='lat' dir='ltr'><strong>explanante.</strong></span> <span class='ocrx_word' id='word_1_148' title='bbox 711 2361 844 2442; x_wconf 80' lang='lat' dir='ltr'><strong>Exempli</strong></span> <span class='ocrx_word' id='word_1_149' title='bbox 874 2379 981 2442; x_wconf 90' lang='lat' dir='ltr'><strong>eausa,</strong></span> <span class='ocrx_word' id='word_1_150' title='bbox 1013 2368 1044 2428; x_wconf 82' lang='lat' dir='ltr'><strong>ut</strong></span> <span class='ocrx_word' id='word_1_151' title='bbox 1075 2379 1162 2428; x_wconf 84' lang='lat' dir='ltr'><strong>unuin</strong></span> 
     </span>
     <span class='ocr_line' id='line_1_21' title="bbox 137 2461 1093 2545; baseline -0.002 -18"><span class='ocrx_word' id='word_1_152' title='bbox 137 2465 175 2527; x_wconf 92' lang='lat' dir='ltr'><strong>dc</strong></span> <span class='ocrx_word' id='word_1_153' title='bbox 195 2463 325 2545; x_wconf 92' lang='lat' dir='ltr'><strong>pluribus</strong></span> <span class='ocrx_word' id='word_1_154' title='bbox 346 2463 452 2539; x_wconf 90' lang='lat' dir='ltr'><strong>dicam,</strong></span> <span class='ocrx_word' id='word_1_155' title='bbox 472 2461 622 2544; x_wconf 91' lang='lat' dir='ltr'><strong>quomodo</strong></span> <span class='ocrx_word' id='word_1_156' title='bbox 643 2480 733 2524; x_wconf 86' lang='lat' dir='ltr'><strong>eausa</strong></span> <span class='ocrx_word' id='word_1_157' title='bbox 756 2463 884 2525; x_wconf 90' lang='lat' dir='ltr'><strong>omnium</strong></span> <span class='ocrx_word' id='word_1_158' title='bbox 906 2509 914 2524; x_wconf 94' lang='lat'><strong>.</strong></span> <span class='ocrx_word' id='word_1_159' title='bbox 939 2509 946 2524; x_wconf 93' lang='lat'><em>.</em></span> <span class='ocrx_word' id='word_1_160' title='bbox 969 2509 977 2525; x_wconf 91' lang='lat'><strong>.</strong></span> <span class='ocrx_word' id='word_1_161' title='bbox 1001 2467 1030 2527; x_wconf 83' lang='lat'><strong>.“</strong></span> <span class='ocrx_word' id='word_1_162' title='bbox 1053 2499 1093 2514; x_wconf 91' lang='lat'>-</span> 
     </span>
    </p>

    <p class='ocr_par' dir='ltr' id='par_1_3' title="bbox 134 2562 1161 2845">
     <span class='ocr_line' id='line_1_22' title="bbox 216 2562 1160 2642; baseline -0.003 -16"><span class='ocrx_word' id='word_1_163' title='bbox 216 2563 291 2626; x_wconf 87' lang='lat' dir='ltr'><strong>ilinc</strong></span> <span class='ocrx_word' id='word_1_164' title='bbox 311 2565 368 2625; x_wconf 90' lang='lat' dir='ltr'><strong>iam</strong></span> <span class='ocrx_word' id='word_1_165' title='bbox 389 2564 460 2625; x_wconf 87' lang='lat' dir='ltr'><strong>satis</strong></span> <span class='ocrx_word' id='word_1_166' title='bbox 483 2563 642 2624; x_wconf 83' lang='lat' dir='ltr'><strong>existimari</strong></span> <span class='ocrx_word' id='word_1_167' title='bbox 663 2562 743 2637; x_wconf 91' lang='lat' dir='ltr'><strong>licet,</strong></span> <span class='ocrx_word' id='word_1_168' title='bbox 767 2564 871 2642; x_wconf 92' lang='lat' dir='ltr'><strong>quibus</strong></span> <span class='ocrx_word' id='word_1_169' title='bbox 893 2579 931 2626; x_wconf 83' lang='lat' dir='ltr'><strong>ex</strong></span> <span class='ocrx_word' id='word_1_170' title='bbox 949 2563 1078 2626; x_wconf 87' lang='lat' dir='ltr'><strong>lontibus</strong></span> <span class='ocrx_word' id='word_1_171' title='bbox 1092 2564 1160 2626; x_wconf 82' lang='lat' dir='ltr'><strong>tiri.</strong></span> 
     </span>
     <span class='ocr_line' id='line_1_23' title="bbox 136 2663 1161 2744; baseline 0.005 -21"><span class='ocrx_word' id='word_1_172' title='bbox 136 2680 235 2744; x_wconf 88' lang='lat' dir='ltr'><strong>genae</strong></span> <span class='ocrx_word' id='word_1_173' title='bbox 255 2663 439 2744; x_wconf 89' lang='lat' dir='ltr'><strong>philosophia</strong></span> <span class='ocrx_word' id='word_1_174' title='bbox 460 2663 641 2744; x_wconf 88' lang='lat' dir='ltr'><strong>provenerit,</strong></span> <span class='ocrx_word' id='word_1_175' title='bbox 663 2679 787 2744; x_wconf 89' lang='lat' dir='ltr'><strong>eumque</strong></span> <span class='ocrx_word' id='word_1_176' title='bbox 804 2664 833 2725; x_wconf 92' lang='lat' dir='ltr'><strong>in</strong></span> <span class='ocrx_word' id='word_1_177' title='bbox 850 2663 941 2726; x_wconf 86' lang='lat' dir='ltr'><strong>Gallio</strong></span> <span class='ocrx_word' id='word_1_178' title='bbox 956 2665 1077 2744; x_wconf 89' lang='lat' dir='ltr'><strong>primum</strong></span> <span class='ocrx_word' id='word_1_179' title='bbox 1093 2663 1161 2728; x_wconf 88' lang='lat' dir='ltr'><strong>illos</strong></span> 
     </span>
     <span class='ocr_line' id='line_1_24' title="bbox 134 2763 725 2845; baseline -0.003 -19"><span class='ocrx_word' id='word_1_180' title='bbox 134 2763 404 2844; x_wconf 71' lang='lat' dir='ltr'><strong>Pseudo-Dionysii</strong></span> <span class='ocrx_word' id='word_1_181' title='bbox 426 2763 518 2826; x_wconf 92' lang='lat' dir='ltr'><strong>libros</strong></span> <span class='ocrx_word' id='word_1_182' title='bbox 538 2765 725 2845; x_wconf 81' lang='lat' dir='ltr'><strong>cognovisse.</strong></span> 
     </span>
    </p>

    <p class='ocr_par' dir='ltr' id='par_1_4' title="bbox 123 2863 1157 3648">
     <span class='ocr_line' id='line_1_25' title="bbox 213 2863 1157 2946; baseline 0.004 -20"><span class='ocrx_word' id='word_1_183' title='bbox 213 2865 310 2945; x_wconf 82' lang='lat' dir='ltr'><strong>Atque</strong></span> <span class='ocrx_word' id='word_1_184' title='bbox 333 2864 391 2924; x_wconf 90' lang='lat' dir='ltr'><strong>boc</strong></span> <span class='ocrx_word' id='word_1_185' title='bbox 414 2863 481 2926; x_wconf 90' lang='lat' dir='ltr'><strong>loco</strong></span> <span class='ocrx_word' id='word_1_186' title='bbox 502 2880 561 2926; x_wconf 92' lang='lat' dir='ltr'><strong>non</strong></span> <span class='ocrx_word' id='word_1_187' title='bbox 583 2870 629 2925; x_wconf 90' lang='lat' dir='ltr'><strong>est</strong></span> <span class='ocrx_word' id='word_1_188' title='bbox 653 2863 908 2943; x_wconf 85' lang='lat' dir='ltr'><strong>praetereundum,</strong></span> <span class='ocrx_word' id='word_1_189' title='bbox 942 2864 1020 2944; x_wconf 93' lang='lat' dir='ltr'><strong>quod</strong></span> <span class='ocrx_word' id='word_1_190' title='bbox 1042 2865 1157 2946; x_wconf 90' lang='lat' dir='ltr'><strong>plurimi</strong></span> 
     </span>
     <span class='ocr_line' id='line_1_26' title="bbox 131 2963 1154 3048; baseline 0.007 -24"><span class='ocrx_word' id='word_1_191' title='bbox 131 2971 270 3026; x_wconf 90' lang='lat' dir='ltr'><strong>auctores</strong></span> <span class='ocrx_word' id='word_1_192' title='bbox 286 2963 322 3025; x_wconf 90' lang='lat' dir='ltr'><strong>de</strong></span> <span class='ocrx_word' id='word_1_193' title='bbox 340 2963 506 3044; x_wconf 82' lang='lat' dir='ltr'><strong>longinquis</strong></span> <span class='ocrx_word' id='word_1_194' title='bbox 528 2963 690 3040; x_wconf 90' lang='lat' dir='ltr'><strong>itineribus,</strong></span> <span class='ocrx_word' id='word_1_195' title='bbox 711 2964 813 3044; x_wconf 91' lang='lat' dir='ltr'><strong>quibus</strong></span> <span class='ocrx_word' id='word_1_196' title='bbox 825 2964 963 3045; x_wconf 81' lang='lat' dir='ltr'><strong>Erigone,</strong></span> <span class='ocrx_word' id='word_1_197' title='bbox 986 2973 1053 3028; x_wconf 88' lang='lat' dir='ltr'><strong>ante</strong></span> <span class='ocrx_word' id='word_1_198' title='bbox 1068 2985 1154 3048; x_wconf 87' lang='lat' dir='ltr'><strong>quom</strong></span> 
     </span>
     <span class='ocr_line' id='line_1_27' title="bbox 130 3063 1152 3144; baseline 0.003 -20"><span class='ocrx_word' id='word_1_199' title='bbox 130 3063 160 3124; x_wconf 91' lang='lat' dir='ltr'><strong>in</strong></span> <span class='ocrx_word' id='word_1_200' title='bbox 183 3063 305 3126; x_wconf 89' lang='lat' dir='ltr'><strong>Galliam</strong></span> <span class='ocrx_word' id='word_1_201' title='bbox 327 3063 476 3144; x_wconf 85' lang='lat' dir='ltr'><strong>prolectas</strong></span> <span class='ocrx_word' id='word_1_202' title='bbox 498 3064 552 3136; x_wconf 89' lang='lat' dir='ltr'><strong>sit,</strong></span> <span class='ocrx_word' id='word_1_203' title='bbox 586 3071 617 3126; x_wconf 89' lang='lat' dir='ltr'><strong>et</strong></span> <span class='ocrx_word' id='word_1_204' title='bbox 639 3064 792 3127; x_wconf 87' lang='lat' dir='ltr'><strong>Graeciam</strong></span> <span class='ocrx_word' id='word_1_205' title='bbox 814 3071 844 3126; x_wconf 92' lang='lat' dir='ltr'><strong>et</strong></span> <span class='ocrx_word' id='word_1_206' title='bbox 867 3065 1017 3126; x_wconf 89' lang='lat' dir='ltr'><strong>Orientem</strong></span> <span class='ocrx_word' id='word_1_207' title='bbox 1037 3067 1152 3128; x_wconf 92' lang='lat' dir='ltr'><strong>studio-</strong></span> 
     </span>
     <span class='ocr_line' id='line_1_28' title="bbox 130 3163 1152 3244; baseline 0.002 -20"><span class='ocrx_word' id='word_1_208' title='bbox 130 3179 191 3224; x_wconf 90' lang='lat' dir='ltr'><strong>rom</strong></span> <span class='ocrx_word' id='word_1_209' title='bbox 215 3179 304 3224; x_wconf 88' lang='lat' dir='ltr'><strong>causa</strong></span> <span class='ocrx_word' id='word_1_210' title='bbox 329 3163 566 3243; x_wconf 78' lang='lat' dir='ltr'><strong>perlustraverit,</strong></span> <span class='ocrx_word' id='word_1_211' title='bbox 590 3165 694 3243; x_wconf 87' lang='lat' dir='ltr'><strong>partim</strong></span> <span class='ocrx_word' id='word_1_212' title='bbox 716 3163 926 3242; x_wconf 85' lang='lat' dir='ltr'><strong>confidentius,</strong></span> <span class='ocrx_word' id='word_1_213' title='bbox 949 3166 1052 3244; x_wconf 86' lang='lat' dir='ltr'><strong>partim</strong></span> <span class='ocrx_word' id='word_1_214' title='bbox 1073 3165 1152 3226; x_wconf 88' lang='lat' dir='ltr'><strong>timi-</strong></span> 
     </span>
     <span class='ocr_line' id='line_1_29' title="bbox 129 3262 1150 3337; baseline 0.003 -13"><span class='ocrx_word' id='word_1_215' title='bbox 129 3263 193 3324; x_wconf 90' lang='lat' dir='ltr'><strong>dius</strong></span> <span class='ocrx_word' id='word_1_216' title='bbox 215 3263 393 3324; x_wconf 86' lang='lat' dir='ltr'><strong>mentionem</strong></span> <span class='ocrx_word' id='word_1_217' title='bbox 416 3262 516 3324; x_wconf 87' lang='lat' dir='ltr'><strong>lacere</strong></span> <span class='ocrx_word' id='word_1_218' title='bbox 536 3263 661 3326; x_wconf 80' lang='lat' dir='ltr'><strong>soleant.</strong></span> <span class='ocrx_word' id='word_1_219' title='bbox 704 3265 814 3337; x_wconf 81' lang='lat' dir='ltr'><strong>Quibus</strong></span> <span class='ocrx_word' id='word_1_220' title='bbox 836 3264 1021 3327; x_wconf 87' lang='lat' dir='ltr'><strong>sermonibus</strong></span> <span class='ocrx_word' id='word_1_221' title='bbox 1044 3263 1150 3327; x_wconf 86' lang='lat' dir='ltr'><strong>nullam</strong></span> 
     </span>
     <span class='ocr_line' id='line_1_30' title="bbox 128 3361 1148 3442; baseline 0.001 -17"><span class='ocrx_word' id='word_1_222' title='bbox 128 3379 251 3442; x_wconf 87' lang='lat' dir='ltr'><strong>prorsus</strong></span> <span class='ocrx_word' id='word_1_223' title='bbox 280 3363 366 3424; x_wconf 87' lang='lat' dir='ltr'><strong>tidem</strong></span> <span class='ocrx_word' id='word_1_224' title='bbox 401 3361 596 3426; x_wconf 75' lang='lat' dir='ltr'><strong>adhibendam</strong></span> <span class='ocrx_word' id='word_1_225' title='bbox 624 3380 693 3426; x_wconf 89' lang='lat' dir='ltr'><strong>esse</strong></span> <span class='ocrx_word' id='word_1_226' title='bbox 724 3383 894 3442; x_wconf 84' lang='lat' dir='ltr'><strong>censemus3</strong></span> <span class='ocrx_word' id='word_1_227' title='bbox 930 3372 1038 3428; x_wconf 88' lang='lat' dir='ltr'><strong>tantum</strong></span> <span class='ocrx_word' id='word_1_228' title='bbox 1070 3366 1148 3426; x_wconf 94' lang='lat' dir='ltr'><strong>euim</strong></span> 
     </span>
     <span class='ocr_line' id='line_1_31' title="bbox 125 3461 1148 3537; baseline 0.002 -13"><span class='ocrx_word' id='word_1_229' title='bbox 125 3463 221 3537; x_wconf 80' lang='lat' dir='ltr'><strong>obest,</strong></span> <span class='ocrx_word' id='word_1_230' title='bbox 244 3468 275 3524; x_wconf 91' lang='lat' dir='ltr'><strong>ut</strong></span> <span class='ocrx_word' id='word_1_231' title='bbox 295 3461 351 3524; x_wconf 93' lang='lat' dir='ltr'><strong>ulla</strong></span> <span class='ocrx_word' id='word_1_232' title='bbox 372 3463 444 3524; x_wconf 89' lang='lat' dir='ltr'><strong>satis</strong></span> <span class='ocrx_word' id='word_1_233' title='bbox 466 3461 547 3525; x_wconf 86' lang='lat' dir='ltr'><strong>firma</strong></span> <span class='ocrx_word' id='word_1_234' title='bbox 569 3463 744 3527; x_wconf 87' lang='lat' dir='ltr'><strong>auctoritate</strong></span> <span class='ocrx_word' id='word_1_235' title='bbox 767 3472 816 3528; x_wconf 92' lang='lat' dir='ltr'><strong>aut</strong></span> <span class='ocrx_word' id='word_1_236' title='bbox 838 3466 894 3528; x_wconf 89' lang='lat' dir='ltr'><strong>ulia</strong></span> <span class='ocrx_word' id='word_1_237' title='bbox 917 3465 1032 3526; x_wconf 86' lang='lat' dir='ltr'><strong>cutione</strong></span> <span class='ocrx_word' id='word_1_238' title='bbox 1049 3463 1148 3526; x_wconf 88' lang='lat' dir='ltr'><strong>nitun-</strong></span> 
     </span>
     <span class='ocr_line' id='line_1_32' title="bbox 123 3561 1148 3648; baseline 0.004 -24"><span class='ocrx_word' id='word_1_239' title='bbox 123 3569 186 3641; x_wconf 90' lang='lat' dir='ltr'><strong>tur,</strong></span> <span class='ocrx_word' id='word_1_240' title='bbox 211 3569 262 3642; x_wconf 84' lang='lat' dir='ltr'><strong>ut,</strong></span> <span class='ocrx_word' id='word_1_241' title='bbox 283 3561 386 3644; x_wconf 88' lang='lat' dir='ltr'><strong>quibus</strong></span> <span class='ocrx_word' id='word_1_242' title='bbox 410 3563 530 3626; x_wconf 92' lang='lat' dir='ltr'><strong>omnino</strong></span> <span class='ocrx_word' id='word_1_243' title='bbox 552 3572 771 3648; x_wconf 77' lang='lat' dir='ltr'><strong>expugnentur,</strong></span> <span class='ocrx_word' id='word_1_244' title='bbox 810 3567 839 3628; x_wconf 94' lang='lat' dir='ltr'><strong>in</strong></span> <span class='ocrx_word' id='word_1_245' title='bbox 862 3565 988 3629; x_wconf 91' lang='lat' dir='ltr'><strong>modium</strong></span> <span class='ocrx_word' id='word_1_246' title='bbox 1021 3563 1148 3648; x_wconf 79' lang='lat' dir='ltr'><strong>proterii</strong></span> 
     </span>
    </p>
   </div>
   <div class='ocr_carea' id='block_1_3' title="bbox 128 3741 419 3764">
    <p class='ocr_par' dir='ltr' id='par_1_5' title="bbox 128 3741 419 3764">
     <span class='ocr_line' id='line_1_33' title="bbox 128 3741 419 3764; baseline 0.003 -1"><span class='ocrx_word' id='word_1_247' title='bbox 128 3741 419 3764; x_wconf 71' lang='lat'>-—-——-——-</span> 
     </span>
    </p>
   </div>
   <div class='ocr_carea' id='block_1_4' title="bbox 147 3841 781 4156">
    <p class='ocr_par' dir='ltr' id='par_1_6' title="bbox 147 3841 781 4156">
     <span class='ocr_line' id='line_1_34' title="bbox 151 3841 507 3913; baseline 0.011 -21"><span class='ocrx_word' id='word_1_248' title='bbox 151 3841 200 3904; x_wconf 81' lang='lat'><strong>26)</strong></span> <span class='ocrx_word' id='word_1_249' title='bbox 222 3841 256 3891; x_wconf 84' lang='lat' dir='ltr'><strong>el.</strong></span> <span class='ocrx_word' id='word_1_250' title='bbox 275 3859 329 3913; x_wconf 86' lang='lat' dir='ltr'><strong>cap.</strong></span> <span class='ocrx_word' id='word_1_251' title='bbox 348 3843 371 3896; x_wconf 88' lang='lat' dir='ltr'><strong>li</strong></span> <span class='ocrx_word' id='word_1_252' title='bbox 392 3853 447 3900; x_wconf 88' lang='lat' dir='ltr'><strong>aot.</strong></span> <span class='ocrx_word' id='word_1_253' title='bbox 469 3847 507 3900; x_wconf 86' lang='lat'><strong>19.</strong></span> 
     </span>
     <span class='ocr_line' id='line_1_35' title="bbox 150 3957 695 4037; baseline 0.004 -23"><span class='ocrx_word' id='word_1_254' title='bbox 150 3962 199 4028; x_wconf 72' lang='lat'><strong>27)</strong></span> <span class='ocrx_word' id='word_1_255' title='bbox 219 3962 253 4012; x_wconf 81' lang='lat' dir='ltr'><strong>cl.</strong></span> <span class='ocrx_word' id='word_1_256' title='bbox 271 3961 363 4018; x_wconf 71' lang='lat' dir='ltr'><strong>&#39;tham</strong></span> <span class='ocrx_word' id='word_1_257' title='bbox 382 3967 457 4018; x_wconf 80' lang='lat' dir='ltr'><strong>Gale.</strong></span> <span class='ocrx_word' id='word_1_258' title='bbox 479 3957 599 4037; x_wconf 74' lang='lat' dir='ltr'><strong>Appiae.</strong></span> <span class='ocrx_word' id='word_1_259' title='bbox 620 3985 645 4036; x_wconf 89' lang='lat' dir='ltr'><strong>p.</strong></span> <span class='ocrx_word' id='word_1_260' title='bbox 667 3968 695 4018; x_wconf 88' lang='lat' dir='ltr'><strong>u.</strong></span> 
     </span>
     <span class='ocr_line' id='line_1_36' title="bbox 147 4079 781 4156; baseline 0.005 -24"><span class='ocrx_word' id='word_1_261' title='bbox 147 4079 197 4150; x_wconf 78' lang='lat'><strong>28]</strong></span> <span class='ocrx_word' id='word_1_262' title='bbox 219 4079 279 4134; x_wconf 80' lang='lat' dir='ltr'><strong>Eat:</strong></span> <span class='ocrx_word' id='word_1_263' title='bbox 301 4081 394 4138; x_wconf 83' lang='lat' dir='ltr'><strong>Carolo</strong></span> <span class='ocrx_word' id='word_1_264' title='bbox 415 4086 496 4138; x_wconf 84' lang='lat' dir='ltr'><strong>cairo.</strong></span> <span class='ocrx_word' id='word_1_265' title='bbox 516 4086 554 4138; x_wconf 84' lang='lat' dir='ltr'><strong>Cl.</strong></span> <span class='ocrx_word' id='word_1_266' title='bbox 574 4087 641 4138; x_wconf 89' lang='lat' dir='ltr'><strong>iulra</strong></span> <span class='ocrx_word' id='word_1_267' title='bbox 661 4103 717 4156; x_wconf 83' lang='lat' dir='ltr'><strong>cap.</strong></span> <span class='ocrx_word' id='word_1_268' title='bbox 737 4085 781 4138; x_wconf 90' lang='lat' dir='ltr'><strong>ttt.</strong></span> 
     </span>
    </p>
   </div>
   <div class='ocr_carea' id='block_1_5' title="bbox 0 0 1474 4716">
    <p class='ocr_par' dir='ltr' id='par_1_7' title="bbox 0 0 1474 4716">
     <span class='ocr_line' id='line_1_37' title="bbox 0 0 1474 4716; baseline 0 7"><span class='ocrx_word' id='word_1_269' title='bbox 0 0 1474 4716; x_wconf 95' lang='lat' dir='ltr'><strong> </strong></span> 
     </span>
    </p>
   </div>
  </div>
 </body>
</html>
