<?xml version="1.0" encoding="UTF-8"?>
<!DOCTYPE html PUBLIC "-//W3C//DTD XHTML 1.0 Transitional//EN"
    "http://www.w3.org/TR/xhtml1/DTD/xhtml1-transitional.dtd">
<html xmlns="http://www.w3.org/1999/xhtml" xml:lang="en" lang="en">
 <head>
  <title>
</title>
<meta http-equiv="Content-Type" content="text/html;charset=utf-8" />
  <meta name='ocr-system' content='tesseract 3.04.00' />
  <meta name='ocr-capabilities' content='ocr_page ocr_carea ocr_par ocr_line ocrx_word'/>
</head>
<body>
  <div class='ocr_page' id='page_1' title='image "./deioannescotoer00unkngoog_0122.png"; bbox 0 0 2934 4710; ppageno 0'>
   <div class='ocr_carea' id='block_1_1' title="bbox 1152 393 1212 457">
    <p class='ocr_par' dir='ltr' id='par_1_1' title="bbox 1152 393 1212 457">
     <span class='ocr_line' id='line_1_1' title="bbox 1152 393 1212 457; baseline -0.017 0"><span class='ocrx_word' id='word_1_1' title='bbox 1152 393 1212 457; x_wconf 81' lang='lat'><strong>115</strong></span> 
     </span>
    </p>
   </div>
   <div class='ocr_carea' id='block_1_2' title="bbox 166 563 1214 1047">
    <p class='ocr_par' dir='ltr' id='par_1_2' title="bbox 166 563 1214 1047">
     <span class='ocr_line' id='line_1_2' title="bbox 172 563 1212 648; baseline 0.005 -22"><span class='ocrx_word' id='word_1_2' title='bbox 172 571 349 628; x_wconf 86' lang='lat' dir='ltr'><strong>tentaretur.</strong></span> <span class='ocrx_word' id='word_1_3' title='bbox 391 565 423 629; x_wconf 87' lang='lat' dir='ltr'><strong>Si</strong></span> <span class='ocrx_word' id='word_1_4' title='bbox 447 565 476 628; x_wconf 90' lang='lat' dir='ltr'><strong>in</strong></span> <span class='ocrx_word' id='word_1_5' title='bbox 497 563 548 626; x_wconf 93' lang='lat' dir='ltr'><strong>illo</strong></span> <span class='ocrx_word' id='word_1_6' title='bbox 572 568 661 640; x_wconf 89' lang='lat' dir='ltr'><strong>statu,</strong></span> <span class='ocrx_word' id='word_1_7' title='bbox 685 581 744 643; x_wconf 93' lang='lat' dir='ltr'><strong>quo</strong></span> <span class='ocrx_word' id='word_1_8' title='bbox 765 563 840 627; x_wconf 89' lang='lat' dir='ltr'><strong>deus</strong></span> <span class='ocrx_word' id='word_1_9' title='bbox 863 565 956 646; x_wconf 88' lang='lat' dir='ltr'><strong>ipsum</strong></span> <span class='ocrx_word' id='word_1_10' title='bbox 986 567 1118 648; x_wconf 89' lang='lat' dir='ltr'><strong>primitus</strong></span> <span class='ocrx_word' id='word_1_11' title='bbox 1139 586 1212 632; x_wconf 93' lang='lat' dir='ltr'><strong>con-</strong></span> 
     </span>
     <span class='ocr_line' id='line_1_3' title="bbox 171 663 1213 750; baseline 0.005 -24"><span class='ocrx_word' id='word_1_12' title='bbox 171 663 305 743; x_wconf 89' lang='lat' dir='ltr'><strong>diderat,</strong></span> <span class='ocrx_word' id='word_1_13' title='bbox 323 665 493 742; x_wconf 74' lang='lat' dir='ltr'><strong>mansisset,</strong></span> <span class='ocrx_word' id='word_1_14' title='bbox 516 665 546 726; x_wconf 90' lang='lat' dir='ltr'><strong>in</strong></span> <span class='ocrx_word' id='word_1_15' title='bbox 570 664 717 726; x_wconf 87' lang='lat' dir='ltr'><strong>diabolum</strong></span> <span class='ocrx_word' id='word_1_16' title='bbox 731 683 791 727; x_wconf 90' lang='lat' dir='ltr'><strong>noo</strong></span> <span class='ocrx_word' id='word_1_17' title='bbox 813 667 997 738; x_wconf 78' lang='lat' dir='ltr'><strong>incurrisset.</strong></span> <span class='ocrx_word' id='word_1_18' title='bbox 1040 667 1122 730; x_wconf 82' lang='lat' dir='ltr'><strong>Prius</strong></span> <span class='ocrx_word' id='word_1_19' title='bbox 1139 685 1213 750; x_wconf 81' lang='lat' dir='ltr'><strong>ergo</strong></span> 
     </span>
     <span class='ocr_line' id='line_1_4' title="bbox 166 765 1214 847; baseline 0.001 -17"><span class='ocrx_word' id='word_1_20' title='bbox 166 766 346 844; x_wconf 87' lang='lat' dir='ltr'><strong>descendit,</strong></span> <span class='ocrx_word' id='word_1_21' title='bbox 382 783 545 846; x_wconf 81' lang='lat' dir='ltr'><strong>perversae</strong></span> <span class='ocrx_word' id='word_1_22' title='bbox 578 765 741 828; x_wconf 88' lang='lat' dir='ltr'><strong>voluntatis</strong></span> <span class='ocrx_word' id='word_1_23' title='bbox 773 771 855 829; x_wconf 89' lang='lat' dir='ltr'><strong>motu</strong></span> <span class='ocrx_word' id='word_1_24' title='bbox 882 766 1041 847; x_wconf 87' lang='lat' dir='ltr'><strong>impulsus,</strong></span> <span class='ocrx_word' id='word_1_25' title='bbox 1064 769 1214 831; x_wconf 88' lang='lat' dir='ltr'><strong>otiores</strong></span> 
     </span>
     <span class='ocr_line' id='line_1_5' title="bbox 168 865 1214 946; baseline -0.005 -16"><span class='ocrx_word' id='word_1_26' title='bbox 168 867 355 946; x_wconf 72' lang='lat' dir='ltr'><strong>temporales</strong></span> <span class='ocrx_word' id='word_1_27' title='bbox 377 883 412 934; x_wconf 81' lang='lat' dir='ltr'><strong>sa</strong></span> <span class='ocrx_word' id='word_1_28' title='bbox 434 866 661 946; x_wconf 88' lang='lat' dir='ltr'><strong>praecipitavit:</strong></span> <span class='ocrx_word' id='word_1_29' title='bbox 682 865 821 929; x_wconf 89' lang='lat' dir='ltr'><strong>cadendo</strong></span> <span class='ocrx_word' id='word_1_30' title='bbox 843 873 940 930; x_wconf 89' lang='lat' dir='ltr'><strong>autem</strong></span> <span class='ocrx_word' id='word_1_31' title='bbox 964 887 981 930; x_wconf 90' lang='lat' dir='ltr'><strong>a</strong></span> <span class='ocrx_word' id='word_1_32' title='bbox 1003 867 1123 931; x_wconf 87' lang='lat' dir='ltr'><strong>diabolo</strong></span> <span class='ocrx_word' id='word_1_33' title='bbox 1144 885 1214 930; x_wconf 89' lang='lat' dir='ltr'><strong>sau.</strong></span> 
     </span>
     <span class='ocr_line' id='line_1_6' title="bbox 166 965 964 1047; baseline -0.001 -17"><span class='ocrx_word' id='word_1_34' title='bbox 166 968 267 1030; x_wconf 80' lang='lat' dir='ltr'><strong>cianus</strong></span> <span class='ocrx_word' id='word_1_35' title='bbox 290 974 322 1030; x_wconf 91' lang='lat' dir='ltr'><strong>et</strong></span> <span class='ocrx_word' id='word_1_36' title='bbox 341 967 486 1047; x_wconf 89' lang='lat' dir='ltr'><strong>spoliatus</strong></span> <span class='ocrx_word' id='word_1_37' title='bbox 507 971 581 1028; x_wconf 79' lang='lat' dir='ltr'><strong>est“</strong></span> <span class='ocrx_word' id='word_1_38' title='bbox 603 965 667 1043; x_wconf 88' lang='lat' dir='ltr'><strong>(lll,</strong></span> <span class='ocrx_word' id='word_1_39' title='bbox 692 969 745 1042; x_wconf 82' lang='lat'><strong>¹53</strong></span> <span class='ocrx_word' id='word_1_40' title='bbox 766 967 805 1028; x_wconf 88' lang='lat' dir='ltr'><strong>cl.</strong></span> <span class='ocrx_word' id='word_1_41' title='bbox 824 966 872 1045; x_wconf 88' lang='lat' dir='ltr'><strong>lll,</strong></span> <span class='ocrx_word' id='word_1_42' title='bbox 893 968 964 1046; x_wconf 69' lang='lat'>93.)</span> 
     </span>
    </p>
   </div>
   <div class='ocr_carea' id='block_1_3' title="bbox 637 1120 876 1196">
    <p class='ocr_par' dir='ltr' id='par_1_3' title="bbox 637 1120 876 1196">
     <span class='ocr_line' id='line_1_7' title="bbox 637 1120 876 1196; baseline -0.008 -14"><span class='ocrx_word' id='word_1_43' title='bbox 637 1125 667 1196; x_wconf 74' lang='lat' dir='ltr'><strong>s.</strong></span> <span class='ocrx_word' id='word_1_44' title='bbox 694 1120 744 1183; x_wconf 75' lang='lat' dir='ltr'><strong>aa.</strong></span> <span class='ocrx_word' id='word_1_45' title='bbox 872 1120 876 1126; x_wconf 92' lang='lat'>·</span> 
     </span>
    </p>
   </div>
   <div class='ocr_carea' id='block_1_4' title="bbox 163 1272 1211 1656">
    <p class='ocr_par' dir='ltr' id='par_1_4' title="bbox 163 1272 1211 1656">
     <span class='ocr_line' id='line_1_8' title="bbox 268 1272 1211 1358; baseline -0.001 -23"><span class='ocrx_word' id='word_1_46' title='bbox 268 1273 403 1353; x_wconf 87' lang='lat' dir='ltr'><strong>,Peccati</strong></span> <span class='ocrx_word' id='word_1_47' title='bbox 423 1275 529 1336; x_wconf 90' lang='lat' dir='ltr'><strong>merito</strong></span> <span class='ocrx_word' id='word_1_48' title='bbox 559 1275 661 1354; x_wconf 89' lang='lat' dir='ltr'><strong>primis</strong></span> <span class='ocrx_word' id='word_1_49' title='bbox 685 1273 855 1336; x_wconf 88' lang='lat' dir='ltr'><strong>hominibus</strong></span> <span class='ocrx_word' id='word_1_50' title='bbox 883 1289 1011 1355; x_wconf 90' lang='lat' dir='ltr'><strong>corpora</strong></span> <span class='ocrx_word' id='word_1_51' title='bbox 1033 1279 1101 1336; x_wconf 89' lang='lat' dir='ltr'><strong>sunt</strong></span> <span class='ocrx_word' id='word_1_52' title='bbox 1123 1272 1211 1358; x_wconf 67' lang='lat' dir='ltr'><strong>datae</strong></span> 
     </span>
     <span class='ocr_line' id='line_1_9' title="bbox 167 1373 1211 1456; baseline -0.001 -19"><span class='ocrx_word' id='word_1_53' title='bbox 167 1383 243 1438; x_wconf 82' lang='lat' dir='ltr'><strong>ante</strong></span> <span class='ocrx_word' id='word_1_54' title='bbox 263 1381 416 1456; x_wconf 87' lang='lat' dir='ltr'><strong>peccatum</strong></span> <span class='ocrx_word' id='word_1_55' title='bbox 451 1375 541 1437; x_wconf 85' lang='lat' dir='ltr'><strong>homo</strong></span> <span class='ocrx_word' id='word_1_56' title='bbox 570 1383 672 1438; x_wconf 86' lang='lat' dir='ltr'><strong>tantae</strong></span> <span class='ocrx_word' id='word_1_57' title='bbox 705 1377 917 1456; x_wconf 72' lang='lat' dir='ltr'><strong>spiritualitatis</strong></span> <span class='ocrx_word' id='word_1_58' title='bbox 945 1377 1051 1453; x_wconf 88' lang='lat' dir='ltr'><strong>tuerat,</strong></span> <span class='ocrx_word' id='word_1_59' title='bbox 1072 1381 1105 1437; x_wconf 92' lang='lat' dir='ltr'><strong>ut</strong></span> <span class='ocrx_word' id='word_1_60' title='bbox 1124 1373 1211 1437; x_wconf 86' lang='lat' dir='ltr'><strong>nullis</strong></span> 
     </span>
     <span class='ocr_line' id='line_1_10' title="bbox 163 1475 1211 1560; baseline 0.002 -22"><span class='ocrx_word' id='word_1_61' title='bbox 163 1478 273 1538; x_wconf 86' lang='lat' dir='ltr'><strong>usibus</strong></span> <span class='ocrx_word' id='word_1_62' title='bbox 295 1475 495 1556; x_wconf 81' lang='lat' dir='ltr'><strong>corporalium</strong></span> <span class='ocrx_word' id='word_1_63' title='bbox 517 1494 658 1540; x_wconf 89' lang='lat' dir='ltr'><strong>sensnum</strong></span> <span class='ocrx_word' id='word_1_64' title='bbox 672 1478 830 1560; x_wconf 81' lang='lat' dir='ltr'><strong>indigeret,</strong></span> <span class='ocrx_word' id='word_1_65' title='bbox 850 1477 976 1559; x_wconf 88' lang='lat' dir='ltr'><strong>soloque</strong></span> <span class='ocrx_word' id='word_1_66' title='bbox 996 1476 1211 1559; x_wconf 77' lang='lat' dir='ltr'><strong>intelligentiae</strong></span> 
     </span>
     <span class='ocr_line' id='line_1_11' title="bbox 166 1575 764 1656; baseline 0 -16"><span class='ocrx_word' id='word_1_67' title='bbox 166 1575 274 1640; x_wconf 87' lang='lat' dir='ltr'><strong>ollicio</strong></span> <span class='ocrx_word' id='word_1_68' title='bbox 298 1575 475 1644; x_wconf 82' lang='lat' dir='ltr'><strong>imeretur.“</strong></span> <span class='ocrx_word' id='word_1_69' title='bbox 496 1575 558 1654; x_wconf 84' lang='lat' dir='ltr'><strong>(lv,</strong></span> <span class='ocrx_word' id='word_1_70' title='bbox 583 1577 632 1656; x_wconf 88' lang='grc'><strong>16,</strong></span> <span class='ocrx_word' id='word_1_71' title='bbox 657 1578 723 1656; x_wconf 82' lang='grc'><strong>19.)</strong></span> <span class='ocrx_word' id='word_1_72' title='bbox 762 1649 764 1654; x_wconf 15' lang='grc' dir='ltr'><em>Α</em></span> 
     </span>
    </p>
   </div>
   <div class='ocr_carea' id='block_1_5' title="bbox 636 1731 742 1812">
    <p class='ocr_par' dir='ltr' id='par_1_5' title="bbox 636 1731 742 1812">
     <span class='ocr_line' id='line_1_12' title="bbox 636 1731 742 1812; baseline -0.009 -17"><span class='ocrx_word' id='word_1_73' title='bbox 636 1745 668 1812; x_wconf 73' lang='lat' dir='ltr'><strong>s.</strong></span> <span class='ocrx_word' id='word_1_74' title='bbox 691 1731 742 1796; x_wconf 81' lang='lat'><strong>53.</strong></span> 
     </span>
    </p>
   </div>
   <div class='ocr_carea' id='block_1_6' title="bbox 161 1883 1209 3874">
    <p class='ocr_par' dir='ltr' id='par_1_6' title="bbox 162 1883 1209 3170">
     <span class='ocr_line' id='line_1_13' title="bbox 265 1883 1209 1966; baseline 0.001 -19"><span class='ocrx_word' id='word_1_75' title='bbox 265 1883 326 1947; x_wconf 88' lang='lat' dir='ltr'><strong>Sed</strong></span> <span class='ocrx_word' id='word_1_76' title='bbox 356 1901 433 1966; x_wconf 87' lang='lat' dir='ltr'><strong>quae</strong></span> <span class='ocrx_word' id='word_1_77' title='bbox 464 1884 582 1948; x_wconf 85' lang='lat' dir='ltr'><strong>tandem</strong></span> <span class='ocrx_word' id='word_1_78' title='bbox 615 1891 683 1948; x_wconf 90' lang='lat' dir='ltr'><strong>sunt</strong></span> <span class='ocrx_word' id='word_1_79' title='bbox 714 1885 770 1947; x_wconf 89' lang='lat' dir='ltr'><strong>ista</strong></span> <span class='ocrx_word' id='word_1_80' title='bbox 806 1901 950 1966; x_wconf 75' lang='lat' dir='ltr'><strong>nugarum</strong></span> <span class='ocrx_word' id='word_1_81' title='bbox 982 1888 1136 1954; x_wconf 74' lang='lat' dir='ltr'><strong>monmra!</strong></span> <span class='ocrx_word' id='word_1_82' title='bbox 1166 1927 1209 1940; x_wconf 82' lang='lat'><strong>.-</strong></span> 
     </span>
     <span class='ocr_line' id='line_1_14' title="bbox 169 1983 1209 2061; baseline 0.003 -15"><span class='ocrx_word' id='word_1_83' title='bbox 169 1983 243 2046; x_wconf 84' lang='lat' dir='ltr'><strong>tdeo</strong></span> <span class='ocrx_word' id='word_1_84' title='bbox 264 1985 344 2047; x_wconf 87' lang='lat' dir='ltr'><strong>hanc</strong></span> <span class='ocrx_word' id='word_1_85' title='bbox 369 2001 468 2047; x_wconf 90' lang='lat' dir='ltr'><strong>rerum</strong></span> <span class='ocrx_word' id='word_1_86' title='bbox 500 1987 724 2049; x_wconf 86' lang='lat' dir='ltr'><strong>universitatem</strong></span> <span class='ocrx_word' id='word_1_87' title='bbox 756 2003 774 2046; x_wconf 90' lang='lat' dir='ltr'><strong>a</strong></span> <span class='ocrx_word' id='word_1_88' title='bbox 809 1985 868 2047; x_wconf 91' lang='lat' dir='ltr'><strong>deo</strong></span> <span class='ocrx_word' id='word_1_89' title='bbox 899 1983 1070 2061; x_wconf 88' lang='lat' dir='ltr'><strong>conditam,</strong></span> <span class='ocrx_word' id='word_1_90' title='bbox 1091 1987 1156 2048; x_wconf 83' lang='lat' dir='ltr'><strong>sive</strong></span> <span class='ocrx_word' id='word_1_91' title='bbox 1178 1989 1209 2049; x_wconf 93' lang='lat' dir='ltr'><strong>ln</strong></span> 
     </span>
     <span class='ocr_line' id='line_1_15' title="bbox 164 2083 1209 2168; baseline 0.002 -21"><span class='ocrx_word' id='word_1_92' title='bbox 164 2090 273 2147; x_wconf 65' lang='lat' dir='ltr'><strong>matum</strong></span> <span class='ocrx_word' id='word_1_93' title='bbox 301 2083 481 2149; x_wconf 89' lang='lat' dir='ltr'><strong>deteriorem</strong></span> <span class='ocrx_word' id='word_1_94' title='bbox 512 2086 682 2164; x_wconf 88' lang='lat' dir='ltr'><strong>detrusam,</strong></span> <span class='ocrx_word' id='word_1_95' title='bbox 713 2092 746 2148; x_wconf 95' lang='lat' dir='ltr'><strong>ut</strong></span> <span class='ocrx_word' id='word_1_96' title='bbox 773 2086 904 2164; x_wconf 79' lang='lat' dir='ltr'><strong>homini,</strong></span> <span class='ocrx_word' id='word_1_97' title='bbox 934 2103 1021 2168; x_wconf 90' lang='lat' dir='ltr'><strong>quem</strong></span> <span class='ocrx_word' id='word_1_98' title='bbox 1053 2085 1128 2148; x_wconf 89' lang='lat' dir='ltr'><strong>dans</strong></span> <span class='ocrx_word' id='word_1_99' title='bbox 1155 2103 1209 2149; x_wconf 90' lang='lat' dir='ltr'><strong>sua</strong></span> 
     </span>
     <span class='ocr_line' id='line_1_16' title="bbox 165 2185 1209 2268; baseline 0.001 -21"><span class='ocrx_word' id='word_1_100' title='bbox 165 2192 276 2264; x_wconf 87' lang='lat' dir='ltr'><strong>sponte</strong></span> <span class='ocrx_word' id='word_1_101' title='bbox 306 2185 481 2267; x_wconf 82' lang='lat' dir='ltr'><strong>propediem</strong></span> <span class='ocrx_word' id='word_1_102' title='bbox 513 2187 590 2250; x_wconf 88' lang='lat' dir='ltr'><strong>istoc</strong></span> <span class='ocrx_word' id='word_1_103' title='bbox 609 2187 811 2268; x_wconf 87' lang='lat' dir='ltr'><strong>proiecturum</strong></span> <span class='ocrx_word' id='word_1_104' title='bbox 832 2187 1057 2267; x_wconf 85' lang='lat' dir='ltr'><strong>praescivisset,</strong></span> <span class='ocrx_word' id='word_1_105' title='bbox 1079 2193 1109 2248; x_wconf 91' lang='lat' dir='ltr'><strong>et</strong></span> <span class='ocrx_word' id='word_1_106' title='bbox 1129 2201 1209 2267; x_wconf 93' lang='lat' dir='ltr'><strong>poe-</strong></span> 
     </span>
     <span class='ocr_line' id='line_1_17' title="bbox 164 2285 1209 2369; baseline -0.001 -21"><span class='ocrx_word' id='word_1_107' title='bbox 164 2285 283 2349; x_wconf 84' lang='lat' dir='ltr'><strong>nitendi</strong></span> <span class='ocrx_word' id='word_1_108' title='bbox 303 2293 333 2348; x_wconf 90' lang='lat' dir='ltr'><strong>et</strong></span> <span class='ocrx_word' id='word_1_109' title='bbox 354 2303 388 2348; x_wconf 89' lang='lat' dir='ltr'><strong>se</strong></span> <span class='ocrx_word' id='word_1_110' title='bbox 424 2289 595 2369; x_wconf 74' lang='lat' dir='ltr'><strong>corrigendi</strong></span> <span class='ocrx_word' id='word_1_111' title='bbox 628 2287 749 2350; x_wconf 90' lang='lat' dir='ltr'><strong>daretur</strong></span> <span class='ocrx_word' id='word_1_112' title='bbox 771 2287 873 2350; x_wconf 82' lang='lat' dir='ltr'><strong>locust</strong></span> <span class='ocrx_word' id='word_1_113' title='bbox 918 2286 1002 2348; x_wconf 82' lang='lat' dir='ltr'><strong>lianc</strong></span> <span class='ocrx_word' id='word_1_114' title='bbox 1022 2289 1115 2367; x_wconf 89' lang='lat' dir='ltr'><strong>ipsam</strong></span> <span class='ocrx_word' id='word_1_115' title='bbox 1138 2301 1209 2348; x_wconf 87' lang='lat' dir='ltr'><strong>asse</strong></span> 
     </span>
     <span class='ocr_line' id='line_1_18' title="bbox 165 2386 1209 2470; baseline -0.001 -22"><span class='ocrx_word' id='word_1_116' title='bbox 165 2387 256 2466; x_wconf 88' lang='lat' dir='ltr'><strong>primi</strong></span> <span class='ocrx_word' id='word_1_117' title='bbox 290 2386 419 2448; x_wconf 86' lang='lat' dir='ltr'><strong>hominis</strong></span> <span class='ocrx_word' id='word_1_118' title='bbox 456 2389 766 2470; x_wconf 85' lang='lat' dir='ltr'><strong>praevaricationem,</strong></span> <span class='ocrx_word' id='word_1_119' title='bbox 801 2387 887 2469; x_wconf 86' lang='lat' dir='ltr'><strong>quam</strong></span> <span class='ocrx_word' id='word_1_120' title='bbox 920 2393 1044 2464; x_wconf 85' lang='lat' dir='ltr'><strong>vocant,</strong></span> <span class='ocrx_word' id='word_1_121' title='bbox 1068 2386 1148 2468; x_wconf 92' lang='lat' dir='ltr'><strong>quod</strong></span> <span class='ocrx_word' id='word_1_122' title='bbox 1170 2386 1209 2468; x_wconf 81' lang='lat' dir='ltr'><strong>de</strong></span> 
     </span>
     <span class='ocr_line' id='line_1_19' title="bbox 162 2487 1208 2568; baseline 0.004 -22"><span class='ocrx_word' id='word_1_123' title='bbox 162 2502 322 2548; x_wconf 85' lang='lat' dir='ltr'><strong>causarum</strong></span> <span class='ocrx_word' id='word_1_124' title='bbox 358 2487 591 2568; x_wconf 86' lang='lat' dir='ltr'><strong>primordialium</strong></span> <span class='ocrx_word' id='word_1_125' title='bbox 621 2487 695 2550; x_wconf 89' lang='lat' dir='ltr'><strong>sedo</strong></span> <span class='ocrx_word' id='word_1_126' title='bbox 727 2487 756 2550; x_wconf 92' lang='grc' dir='ltr'><strong>Ιι.</strong></span> <span class='ocrx_word' id='word_1_127' title='bbox 792 2505 820 2550; x_wconf 87' lang='lat' dir='ltr'><strong>e.</strong></span> <span class='ocrx_word' id='word_1_128' title='bbox 853 2505 892 2548; x_wconf 87' lang='lat' dir='ltr'><strong>ax</strong></span> <span class='ocrx_word' id='word_1_129' title='bbox 913 2489 980 2568; x_wconf 91' lang='lat' dir='ltr'><strong>ipso</strong></span> <span class='ocrx_word' id='word_1_130' title='bbox 1004 2487 1064 2550; x_wconf 84' lang='lat' dir='ltr'><strong>deo</strong></span> <span class='ocrx_word' id='word_1_131' title='bbox 1084 2487 1208 2566; x_wconf 85' lang='lat' dir='ltr'><strong>eiusque</strong></span> 
     </span>
     <span class='ocr_line' id='line_1_20' title="bbox 162 2585 1209 2668; baseline 0 -20"><span class='ocrx_word' id='word_1_132' title='bbox 162 2585 227 2648; x_wconf 87' lang='lat' dir='ltr'><strong>lilio</strong></span> <span class='ocrx_word' id='word_1_133' title='bbox 257 2587 412 2668; x_wconf 82' lang='lat' dir='ltr'><strong>unigenito</strong></span> <span class='ocrx_word' id='word_1_134' title='bbox 446 2589 477 2649; x_wconf 90' lang='lat' dir='ltr'><strong>in</strong></span> <span class='ocrx_word' id='word_1_135' title='bbox 512 2587 591 2649; x_wconf 88' lang='lat' dir='ltr'><strong>lranc</strong></span> <span class='ocrx_word' id='word_1_136' title='bbox 622 2595 754 2666; x_wconf 89' lang='lat' dir='ltr'><strong>terram,</strong></span> <span class='ocrx_word' id='word_1_137' title='bbox 786 2587 880 2648; x_wconf 92' lang='lat' dir='ltr'><strong>brutis</strong></span> <span class='ocrx_word' id='word_1_138' title='bbox 913 2587 1089 2649; x_wconf 89' lang='lat' dir='ltr'><strong>animalibus</strong></span> <span class='ocrx_word' id='word_1_139' title='bbox 1116 2587 1209 2648; x_wconf 85' lang='lat' dir='ltr'><strong>inco-</strong></span> 
     </span>
     <span class='ocr_line' id='line_1_21' title="bbox 162 2685 1209 2768; baseline -0.001 -19"><span class='ocrx_word' id='word_1_140' title='bbox 162 2685 304 2762; x_wconf 89' lang='lat' dir='ltr'><strong>lendam,</strong></span> <span class='ocrx_word' id='word_1_141' title='bbox 331 2705 401 2750; x_wconf 89' lang='lat' dir='ltr'><strong>sese</strong></span> <span class='ocrx_word' id='word_1_142' title='bbox 439 2687 612 2757; x_wconf 83' lang='lat' dir='ltr'><strong>demiserit!</strong></span> <span class='ocrx_word' id='word_1_143' title='bbox 664 2689 730 2750; x_wconf 89' lang='lat' dir='ltr'><strong>Non</strong></span> <span class='ocrx_word' id='word_1_144' title='bbox 762 2686 854 2750; x_wconf 90' lang='lat' dir='ltr'><strong>modo</strong></span> <span class='ocrx_word' id='word_1_145' title='bbox 885 2693 954 2768; x_wconf 88' lang='lat' dir='ltr'><strong>past</strong></span> <span class='ocrx_word' id='word_1_146' title='bbox 973 2695 1128 2768; x_wconf 88' lang='lat' dir='ltr'><strong>peccatum</strong></span> <span class='ocrx_word' id='word_1_147' title='bbox 1151 2687 1209 2748; x_wconf 88' lang='lat' dir='ltr'><strong>de-</strong></span> 
     </span>
     <span class='ocr_line' id='line_1_22' title="bbox 165 2787 1208 2868; baseline 0.002 -20"><span class='ocrx_word' id='word_1_148' title='bbox 165 2805 256 2864; x_wconf 89' lang='lat' dir='ltr'><strong>mam,</strong></span> <span class='ocrx_word' id='word_1_149' title='bbox 278 2788 332 2849; x_wconf 87' lang='lat' dir='ltr'><strong>sed</strong></span> <span class='ocrx_word' id='word_1_150' title='bbox 347 2789 436 2849; x_wconf 91' lang='lat' dir='ltr'><strong>etiam</strong></span> <span class='ocrx_word' id='word_1_151' title='bbox 457 2796 582 2868; x_wconf 90' lang='lat' dir='ltr'><strong>propter</strong></span> <span class='ocrx_word' id='word_1_152' title='bbox 602 2789 696 2850; x_wconf 91' lang='lat' dir='ltr'><strong>solum</strong></span> <span class='ocrx_word' id='word_1_153' title='bbox 719 2795 875 2868; x_wconf 88' lang='lat' dir='ltr'><strong>peccatum</strong></span> <span class='ocrx_word' id='word_1_154' title='bbox 897 2790 952 2848; x_wconf 94' lang='lat' dir='ltr'><strong>isla</strong></span> <span class='ocrx_word' id='word_1_155' title='bbox 974 2789 1063 2849; x_wconf 89' lang='lat' dir='ltr'><strong>nnius</strong></span> <span class='ocrx_word' id='word_1_156' title='bbox 1078 2787 1208 2850; x_wconf 89' lang='lat' dir='ltr'><strong>hominis</strong></span> 
     </span>
     <span class='ocr_line' id='line_1_23' title="bbox 163 2887 1207 2956; baseline 0.002 -8"><span class='ocrx_word' id='word_1_157' title='bbox 163 2887 316 2949; x_wconf 84' lang='lat' dir='ltr'><strong>divisione</strong></span> <span class='ocrx_word' id='word_1_158' title='bbox 353 2889 430 2950; x_wconf 91' lang='lat' dir='ltr'><strong>duos</strong></span> <span class='ocrx_word' id='word_1_159' title='bbox 460 2889 597 2952; x_wconf 90' lang='lat' dir='ltr'><strong>homines</strong></span> <span class='ocrx_word' id='word_1_160' title='bbox 628 2905 698 2951; x_wconf 88' lang='lat' dir='ltr'><strong>esse</strong></span> <span class='ocrx_word' id='word_1_161' title='bbox 729 2889 841 2956; x_wconf 86' lang='lat' dir='ltr'><strong>iactos!</strong></span> <span class='ocrx_word' id='word_1_162' title='bbox 899 2887 1048 2951; x_wconf 83' lang='lat' dir='ltr'><strong>diabolum</strong></span> <span class='ocrx_word' id='word_1_163' title='bbox 1071 2887 1207 2950; x_wconf 84' lang='lat' dir='ltr'><strong>homines</strong></span> 
     </span>
     <span class='ocr_line' id='line_1_24' title="bbox 163 2989 1206 3070; baseline 0.002 -22"><span class='ocrx_word' id='word_1_164' title='bbox 163 2989 243 3049; x_wconf 86' lang='lat' dir='ltr'><strong>intra</strong></span> <span class='ocrx_word' id='word_1_165' title='bbox 267 2989 318 3050; x_wconf 88' lang='lat' dir='ltr'><strong>teli</strong></span> <span class='ocrx_word' id='word_1_166' title='bbox 339 2991 385 3050; x_wconf 91' lang='lat' dir='ltr'><strong>sni</strong></span> <span class='ocrx_word' id='word_1_167' title='bbox 422 2991 529 3052; x_wconf 89' lang='lat' dir='ltr'><strong>iactum</strong></span> <span class='ocrx_word' id='word_1_168' title='bbox 561 2989 733 3070; x_wconf 87' lang='lat' dir='ltr'><strong>accepisset</strong></span> <span class='ocrx_word' id='word_1_169' title='bbox 769 3006 919 3070; x_wconf 90' lang='lat' dir='ltr'><strong>corpora,</strong></span> <span class='ocrx_word' id='word_1_170' title='bbox 943 3007 1020 3070; x_wconf 89' lang='lat' dir='ltr'><strong>quae</strong></span> <span class='ocrx_word' id='word_1_171' title='bbox 1041 2995 1206 3070; x_wconf 82' lang='lat' dir='ltr'><strong>gestamus,</strong></span> 
     </span>
     <span class='ocr_line' id='line_1_25' title="bbox 163 3087 550 3170; baseline 0.008 -22"><span class='ocrx_word' id='word_1_172' title='bbox 163 3087 316 3150; x_wconf 86' lang='lat' dir='ltr'><strong>homiuum</strong></span> <span class='ocrx_word' id='word_1_173' title='bbox 336 3090 443 3170; x_wconf 82' lang='lat' dir='ltr'><strong>generi</strong></span> <span class='ocrx_word' id='word_1_174' title='bbox 463 3089 550 3151; x_wconf 90' lang='lat' dir='ltr'><strong>datal</strong></span> 
     </span>
    </p>

    <p class='ocr_par' dir='ltr' id='par_1_7' title="bbox 161 3189 1207 3874">
     <span class='ocr_line' id='line_1_26' title="bbox 265 3189 1207 3269; baseline -0.006 -17"><span class='ocrx_word' id='word_1_175' title='bbox 265 3189 348 3262; x_wconf 84' lang='lat' dir='ltr'><strong>Quae</strong></span> <span class='ocrx_word' id='word_1_176' title='bbox 372 3197 419 3252; x_wconf 90' lang='lat' dir='ltr'><strong>est</strong></span> <span class='ocrx_word' id='word_1_177' title='bbox 439 3191 496 3253; x_wconf 93' lang='lat' dir='ltr'><strong>ista</strong></span> <span class='ocrx_word' id='word_1_178' title='bbox 522 3190 679 3252; x_wconf 88' lang='lat' dir='ltr'><strong>doctrinae</strong></span> <span class='ocrx_word' id='word_1_179' title='bbox 702 3190 883 3256; x_wconf 82' lang='lat' dir='ltr'><strong>christianae</strong></span> <span class='ocrx_word' id='word_1_180' title='bbox 907 3196 938 3252; x_wconf 88' lang='lat' dir='ltr'><strong>et</strong></span> <span class='ocrx_word' id='word_1_181' title='bbox 957 3207 1064 3253; x_wconf 89' lang='lat' dir='ltr'><strong>sacrae</strong></span> <span class='ocrx_word' id='word_1_182' title='bbox 1079 3189 1207 3269; x_wconf 90' lang='lat' dir='ltr'><strong>scriptu.</strong></span> 
     </span>
     <span class='ocr_line' id='line_1_27' title="bbox 162 3289 1207 3367; baseline 0 -17"><span class='ocrx_word' id='word_1_183' title='bbox 162 3305 231 3364; x_wconf 91' lang='lat' dir='ltr'><strong>rae,</strong></span> <span class='ocrx_word' id='word_1_184' title='bbox 254 3297 285 3350; x_wconf 91' lang='lat' dir='ltr'><strong>ut</strong></span> <span class='ocrx_word' id='word_1_185' title='bbox 306 3292 346 3351; x_wconf 91' lang='lat' dir='ltr'><strong>ita</strong></span> <span class='ocrx_word' id='word_1_186' title='bbox 380 3290 535 3367; x_wconf 89' lang='lat' dir='ltr'><strong>dicamus,</strong></span> <span class='ocrx_word' id='word_1_187' title='bbox 566 3291 667 3352; x_wconf 90' lang='lat' dir='ltr'><strong>irrisio</strong></span> <span class='ocrx_word' id='word_1_188' title='bbox 703 3297 733 3352; x_wconf 88' lang='lat' dir='ltr'><strong>et</strong></span> <span class='ocrx_word' id='word_1_189' title='bbox 766 3289 946 3358; x_wconf 84' lang='lat' dir='ltr'><strong>ludificatio!</strong></span> <span class='ocrx_word' id='word_1_190' title='bbox 992 3291 1207 3364; x_wconf 77' lang='lat' dir='ltr'><strong>Quadrantem</strong></span> 
     </span>
     <span class='ocr_line' id='line_1_28' title="bbox 162 3381 1206 3472; baseline 0 -22"><span class='ocrx_word' id='word_1_191' title='bbox 162 3389 241 3450; x_wconf 85' lang='lat' dir='ltr'><strong>lraec</strong></span> <span class='ocrx_word' id='word_1_192' title='bbox 263 3389 327 3468; x_wconf 88' lang='lat' dir='ltr'><strong>ipsa</strong></span> <span class='ocrx_word' id='word_1_193' title='bbox 356 3407 416 3466; x_wconf 87' lang='lat' dir='ltr'><strong>ros,</strong></span> <span class='ocrx_word' id='word_1_194' title='bbox 448 3390 477 3452; x_wconf 91' lang='lat' dir='ltr'><strong>id</strong></span> <span class='ocrx_word' id='word_1_195' title='bbox 512 3389 591 3470; x_wconf 93' lang='lat' dir='ltr'><strong>quod</strong></span> <span class='ocrx_word' id='word_1_196' title='bbox 622 3381 716 3452; x_wconf 87' lang='lat' dir='ltr'><strong>nobis</strong></span> <span class='ocrx_word' id='word_1_197' title='bbox 740 3391 877 3470; x_wconf 90' lang='lat' dir='ltr'><strong>prolecto</strong></span> <span class='ocrx_word' id='word_1_198' title='bbox 910 3392 1117 3472; x_wconf 78' lang='lat' dir='ltr'><strong>gravissimum</strong></span> <span class='ocrx_word' id='word_1_199' title='bbox 1151 3397 1206 3465; x_wconf 90' lang='lat' dir='ltr'><strong>est,</strong></span> 
     </span>
     <span class='ocr_line' id='line_1_29' title="bbox 163 3483 1207 3572; baseline -0.001 -21"><span class='ocrx_word' id='word_1_200' title='bbox 163 3483 231 3551; x_wconf 85' lang='lat' dir='ltr'><strong>sola</strong></span> <span class='ocrx_word' id='word_1_201' title='bbox 262 3489 327 3551; x_wconf 88' lang='lat' dir='ltr'><strong>lere</strong></span> <span class='ocrx_word' id='word_1_202' title='bbox 358 3489 445 3552; x_wconf 87' lang='lat' dir='ltr'><strong>huius</strong></span> <span class='ocrx_word' id='word_1_203' title='bbox 477 3491 543 3552; x_wconf 87' lang='lat' dir='ltr'><strong>libri</strong></span> <span class='ocrx_word' id='word_1_204' title='bbox 577 3490 764 3571; x_wconf 89' lang='lat' dir='ltr'><strong>philosophia</strong></span> <span class='ocrx_word' id='word_1_205' title='bbox 800 3497 889 3572; x_wconf 87' lang='lat' dir='ltr'><strong>atque</strong></span> <span class='ocrx_word' id='word_1_206' title='bbox 910 3488 1013 3554; x_wconf 86' lang='lat' dir='ltr'><strong>indole</strong></span> <span class='ocrx_word' id='word_1_207' title='bbox 1035 3497 1065 3553; x_wconf 90' lang='lat' dir='ltr'><strong>et</strong></span> <span class='ocrx_word' id='word_1_208' title='bbox 1087 3490 1207 3571; x_wconf 89' lang='lat' dir='ltr'><strong>prodiit,</strong></span> 
     </span>
     <span class='ocr_line' id='line_1_30' title="bbox 164 3588 1207 3672; baseline 0.003 -22"><span class='ocrx_word' id='word_1_209' title='bbox 164 3595 197 3650; x_wconf 89' lang='lat' dir='ltr'><strong>et</strong></span> <span class='ocrx_word' id='word_1_210' title='bbox 217 3588 340 3668; x_wconf 89' lang='lat' dir='ltr'><strong>prodire</strong></span> <span class='ocrx_word' id='word_1_211' title='bbox 362 3589 482 3658; x_wconf 86' lang='lat' dir='ltr'><strong>debuit!</strong></span> <span class='ocrx_word' id='word_1_212' title='bbox 505 3627 541 3638; x_wconf 91' lang='lat'>-</span> <span class='ocrx_word' id='word_1_213' title='bbox 564 3591 698 3672; x_wconf 88' lang='lat' dir='ltr'><strong>Namque</strong></span> <span class='ocrx_word' id='word_1_214' title='bbox 717 3593 826 3653; x_wconf 85' lang='lat' dir='ltr'><strong>Scolns</strong></span> <span class='ocrx_word' id='word_1_215' title='bbox 848 3593 1023 3672; x_wconf 83' lang='lat' dir='ltr'><strong>ceteroquin</strong></span> <span class='ocrx_word' id='word_1_216' title='bbox 1048 3609 1106 3653; x_wconf 87' lang='lat' dir='ltr'><strong>nac</strong></span> <span class='ocrx_word' id='word_1_217' title='bbox 1129 3591 1207 3654; x_wconf 90' lang='lat' dir='ltr'><strong>doc-</strong></span> 
     </span>
     <span class='ocr_line' id='line_1_31' title="bbox 161 3689 1207 3772; baseline 0.004 -22"><span class='ocrx_word' id='word_1_218' title='bbox 161 3691 280 3750; x_wconf 91' lang='lat' dir='ltr'><strong>trinam·</strong></span> <span class='ocrx_word' id='word_1_219' title='bbox 296 3689 488 3752; x_wconf 83' lang='lat' dir='ltr'><strong>christianam</strong></span> <span class='ocrx_word' id='word_1_220' title='bbox 510 3709 567 3754; x_wconf 90' lang='lat' dir='ltr'><strong>neo</strong></span> <span class='ocrx_word' id='word_1_221' title='bbox 587 3707 704 3754; x_wconf 87' lang='lat' dir='ltr'><strong>sacram</strong></span> <span class='ocrx_word' id='word_1_222' title='bbox 725 3694 901 3772; x_wconf 89' lang='lat' dir='ltr'><strong>scripturam</strong></span> <span class='ocrx_word' id='word_1_223' title='bbox 924 3693 984 3754; x_wconf 90' lang='lat' dir='ltr'><strong>ullo</strong></span> <span class='ocrx_word' id='word_1_224' title='bbox 1008 3699 1096 3772; x_wconf 90' lang='lat' dir='ltr'><strong>pacto</strong></span> <span class='ocrx_word' id='word_1_225' title='bbox 1117 3709 1207 3772; x_wconf 87' lang='lat' dir='ltr'><strong>spra-</strong></span> 
     </span>
     <span class='ocr_line' id='line_1_32' title="bbox 163 3789 1206 3874; baseline 0.006 -26"><span class='ocrx_word' id='word_1_226' title='bbox 163 3789 207 3848; x_wconf 82' lang='lat' dir='ltr'><strong>sit</strong></span> <span class='ocrx_word' id='word_1_227' title='bbox 230 3797 280 3850; x_wconf 90' lang='lat' dir='ltr'><strong>ant</strong></span> <span class='ocrx_word' id='word_1_228' title='bbox 312 3790 498 3870; x_wconf 80' lang='lat' dir='ltr'><strong>repudiavit3</strong></span> <span class='ocrx_word' id='word_1_229' title='bbox 528 3792 587 3852; x_wconf 88' lang='lat' dir='ltr'><strong>hoc</strong></span> <span class='ocrx_word' id='word_1_230' title='bbox 620 3790 714 3854; x_wconf 89' lang='lat' dir='ltr'><strong>solum</strong></span> <span class='ocrx_word' id='word_1_231' title='bbox 748 3791 829 3866; x_wconf 89' lang='lat' dir='ltr'><strong>iecit,</strong></span> <span class='ocrx_word' id='word_1_232' title='bbox 853 3799 884 3855; x_wconf 94' lang='lat' dir='ltr'><strong>ut</strong></span> <span class='ocrx_word' id='word_1_233' title='bbox 904 3809 977 3856; x_wconf 88' lang='lat' dir='ltr'><strong>suae</strong></span> <span class='ocrx_word' id='word_1_234' title='bbox 999 3791 1206 3874; x_wconf 86' lang='lat' dir='ltr'><strong>philosophiae</strong></span> 
     </span>
    </p>
   </div>
   <div class='ocr_carea' id='block_1_7' title="bbox 96 3887 1205 4170">
    <p class='ocr_par' dir='ltr' id='par_1_8' title="bbox 96 3887 1205 4170">
     <span class='ocr_line' id='line_1_33' title="bbox 96 3887 1205 3973; baseline 0.005 -24"><span class='ocrx_word' id='word_1_235' title='bbox 96 3930 99 3934; x_wconf 88' lang='lat'>-</span> <span class='ocrx_word' id='word_1_236' title='bbox 161 3887 281 3967; x_wconf 89' lang='lat' dir='ltr'><strong>placitis</strong></span> <span class='ocrx_word' id='word_1_237' title='bbox 312 3893 392 3970; x_wconf 88' lang='lat' dir='ltr'><strong>ipsas</strong></span> <span class='ocrx_word' id='word_1_238' title='bbox 427 3890 649 3954; x_wconf 84' lang='lat' dir='ltr'><strong>accomodaret</strong></span> <span class='ocrx_word' id='word_1_239' title='bbox 701 3891 788 3966; x_wconf 88' lang='lat' dir='ltr'><strong>Quod</strong></span> <span class='ocrx_word' id='word_1_240' title='bbox 810 3909 867 3973; x_wconf 92' lang='lat' dir='ltr'><strong>qua</strong></span> <span class='ocrx_word' id='word_1_241' title='bbox 892 3901 956 3955; x_wconf 89' lang='lat' dir='ltr'><strong>arta</strong></span> <span class='ocrx_word' id='word_1_242' title='bbox 978 3893 1123 3970; x_wconf 82' lang='lat' dir='ltr'><strong>effecerit,</strong></span> <span class='ocrx_word' id='word_1_243' title='bbox 1146 3893 1205 3954; x_wconf 87' lang='lat' dir='ltr'><strong>iam</strong></span> 
     </span>
     <span class='ocr_line' id='line_1_34' title="bbox 162 3991 1205 4069; baseline 0.005 -19"><span class='ocrx_word' id='word_1_244' title='bbox 162 4003 252 4068; x_wconf 87' lang='lat' dir='ltr'><strong>supra</strong></span> <span class='ocrx_word' id='word_1_245' title='bbox 283 3998 329 4069; x_wconf 78' lang='grc' dir='ltr'><strong>(ς.</strong></span> <span class='ocrx_word' id='word_1_246' title='bbox 352 3991 404 4064; x_wconf 83' lang='grc'><strong>38,</strong></span> <span class='ocrx_word' id='word_1_247' title='bbox 428 3991 451 4064; x_wconf 86' lang='grc' dir='ltr'><strong>Ι,</strong></span> <span class='ocrx_word' id='word_1_248' title='bbox 474 3991 525 4066; x_wconf 88' lang='lat' dir='ltr'><strong>ll.)</strong></span> <span class='ocrx_word' id='word_1_249' title='bbox 550 3991 824 4067; x_wconf 88' lang='lat' dir='ltr'><strong>animadvertimus,</strong></span> <span class='ocrx_word' id='word_1_250' title='bbox 847 4011 986 4057; x_wconf 87' lang='lat' dir='ltr'><strong>necnon</strong></span> <span class='ocrx_word' id='word_1_251' title='bbox 1011 3993 1091 4056; x_wconf 89' lang='lat' dir='ltr'><strong>illico</strong></span> <span class='ocrx_word' id='word_1_252' title='bbox 1115 3993 1205 4055; x_wconf 85' lang='lat' dir='ltr'><strong>claris</strong></span> 
     </span>
     <span class='ocr_line' id='line_1_35' title="bbox 161 4089 706 4170; baseline 0.007 -20"><span class='ocrx_word' id='word_1_253' title='bbox 161 4089 275 4169; x_wconf 88' lang='lat' dir='ltr'><strong>aliquot</strong></span> <span class='ocrx_word' id='word_1_254' title='bbox 295 4091 484 4154; x_wconf 88' lang='lat' dir='ltr'><strong>documentis</strong></span> <span class='ocrx_word' id='word_1_255' title='bbox 503 4092 706 4170; x_wconf 83' lang='lat' dir='ltr'><strong>ostendemus.</strong></span> 
     </span>
    </p>
   </div>
   <div class='ocr_carea' id='block_1_8' title="bbox 0 0 1472 4710">
    <p class='ocr_par' dir='ltr' id='par_1_9' title="bbox 0 0 1472 4710">
     <span class='ocr_line' id='line_1_36' title="bbox 0 0 1472 4710; baseline 0 1"><span class='ocrx_word' id='word_1_256' title='bbox 0 0 1472 4710; x_wconf 95' lang='lat' dir='ltr'><strong> </strong></span> 
     </span>
    </p>
   </div>
  </div>
 </body>
</html>
