2944 4714
397 880 573 1066 amous
602 905 1010 1012 meumormuas

525 1093 535 1113 ¹
599 1099 684 1149 POUR
698 1099 811 1150 sanum

695 1245 717 1290 A

183 1385 396 1459 rausromu
427 1389 480 1458 oa
508 1389 793 1461 umsrmunon
823 1392 876 1462 uu
909 1392 962 1462 aa
991 1375 1228 1464 reru-mou.
1359 1459 1361 1464 ,

156 1728 284 1786 laem
301 1729 350 1785 do
358 1730 570 1797 ΙΙιοοιΙιιΙι,
588 1729 732 1870 &regnae
749 1731 798 1786 de
814 1727 945 1797 latete,
963 1727 1120 1790 ὺΙοιιΙ
1137 1734 1171 1792 Ι.
1189 1735 1248 1789 rot

588 1819 636 1870 de
687 1829 814 1874 rauce.

247 1941 391 2010 Glorioso
420 1950 452 2008 et
478 1945 684 2011 invictissimo
707 1945 785 2029 Regi
811 1943 1019 2023 Francorum,
1050 1943 1183 2010 ilenrico
1210 1943 1248 2008 Ι).

158 2029 341 2098 teodiensts
365 2034 505 2110 antistes,
526 2033 704 2113 temporalis
725 2031 815 2116 regni
837 2032 1093 2115 gubernationem
1113 2034 1155 2096 ita
1176 2051 1249 2096 mo-

157 2117 271 2197 derari,
294 2127 328 2183 ut
341 2121 375 2184 in
390 2126 538 2185 eternum
555 2122 764 2200 cumsanctis,
788 2119 826 2183 ab
850 2121 1062 2202 omnipotente
1076 2119 1155 2200 Deo,
1178 2137 1248 2184 me-

153 2209 219 2272 rito
242 2205 353 2271 debeat
372 2209 527 2274 coronari.
568 2209 658 2274 Fama
684 2225 849 2292 supremos
874 2207 992 2272 Galliae
1017 2208 1094 2272 fines
1114 2213 1249 2291 preter-

157 2311 268 2376 gressa
294 2303 387 2360 totam
413 2297 605 2361 Germaniam
627 2297 774 2379 pervasit,
798 2302 921 2378 tamque
944 2297 1081 2360 omnium
1107 2303 1248 2361 nostrum

156 2381 291 2462 repleuit
316 2401 418 2461 aures,
443 2384 575 2466 qualiter
588 2385 692 2449 Bruno
707 2383 945 2466 Andegauensis
969 2384 1146 2467 episcopus,
1173 2385 1248 2448 item

156 2467 364 2554 Berengarius
380 2473 582 2552 Turonensis,
608 2473 749 2554 antiquas
765 2470 902 2536 hereses
918 2471 1077 2535 modernis
1093 2473 1246 2554 tempori-

155 2555 215 2622 bus
240 2558 476 2638 introducendo,
501 2566 648 2636 astruant,
675 2577 788 2641 corpus
809 2559 934 2625 Domini
958 2577 1021 2625 non
1046 2565 1107 2623 tam
1133 2577 1248 2642 corpus

157 2661 229 2708 esse
245 2665 333 2728 quam
350 2647 487 2712 umbram
503 2655 534 2712 et
548 2647 676 2730 figuram
692 2647 833 2730 corporis
847 2647 971 2711 Domini
979 2669 989 2726 ;
1011 2646 1150 2728 legitimo
1166 2665 1247 2713 con·

150 2730 242 2814 jugia
258 2734 429 2814 destruant,
446 2743 477 2798 ot
491 2743 636 2818 quomam
650 2736 682 2798 in
697 2736 773 2818 ipsis
786 2741 835 2799 est
849 2735 1032 2815 baptismum
1048 2735 1248 2818 parvulorum

156 2827 309 2884 evertant.
355 2821 439 2897 Quos
454 2823 491 2887 ud
507 2823 728 2887 revincendum
751 2842 787 2886 ao
809 2821 930 2904 publice
952 2823 1182 2901 confutandum,
1206 2841 1247 2886 eo

153 2905 229 2971 zeio
245 2925 345 2991 eoque
358 2911 485 2974 feruore
500 2929 574 2992 quo,
590 2929 667 2994 erga
682 2917 817 2974 sanctam
833 2907 1002 2973 Ecclesiam
1021 2909 1128 2973 divina
1143 2909 1245 2991 inspi-

154 2995 278 3060 ratione
293 2996 458 3078 plurimum
475 3016 597 3078 semper
612 2997 737 3076 ardetis,
753 2997 849 3070 aiunt,
872 3015 941 3076 vos,
962 2995 1128 3060 concilium
1143 2997 1245 3061 aduo-

156 3097 256 3160 csese,
280 3085 331 3148 ubi
358 3086 479 3149 tandem
494 3084 569 3148 illud
594 3087 698 3165 totius,
723 3083 907 3148 nobilissimi
928 3085 1019 3165 regni
1040 3086 1138 3148 vestri
1165 3083 1245 3156 (hen

154 3170 248 3235 nimis
263 3177 352 3254 turpe
368 3173 586 3256 opprobrium)
612 3173 651 3237 de
667 3172 769 3237 medio
785 3171 943 3252 auferatis,
967 3179 1009 3250 et,
1039 3171 1072 3236 in
1087 3177 1248 3250 ueternum,

154 3257 265 3324 sideri
288 3267 400 3340 potest,
426 3260 462 3324 nb
489 3260 556 3344 ipsa
579 3262 716 3325 omninm
732 3261 881 3325 memoria
908 3259 1049 3324 deleatis.
1080 3259 1172 3342 Opia
1187 3277 1248 3323 vo-

154 3345 269 3423 luntas,
285 3354 324 3412 et
342 3365 418 3413 vere
431 3348 520 3430 Repe
535 3349 737 3432 dignissima!
761 3366 830 3432 que
845 3348 959 3412 utinam
976 3347 1117 3411 effectum
1133 3345 1249 3411 hahere

153 3441 274 3517 posset,
293 3435 374 3500 utin
390 3441 475 3501 tanto
489 3437 655 3520 sacrilegio
675 3437 836 3502 convictos
853 3434 955 3518 [quod
971 3441 1055 3499 certe
1070 3432 1248 3499 facillimum

156 3522 224 3595 eat)
240 3523 356 3607 absque
372 3521 433 3588 ulta
450 3523 610 3604 dilatione,
626 3524 729 3588 debita
746 3525 823 3590 uitio
839 3518 1101 3606 consequeretur!
1117 3521 1172 3586 sed
1189 3522 1249 3586 de·

155 3625 317 3690 speramus
333 3611 363 3675 id
379 3610 446 3676 lieri
461 3629 567 3694 posse,
589 3629 658 3676 com
673 3612 777 3677 Bruno
792 3610 904 3676 existm
918 3611 1096 3694 episcopus,
1121 3610 1248 3692 episco-

154 3713 229 3780 pum
245 3705 345 3763 autem
370 3717 433 3764 non
449 3706 575 3782 oportet
589 3700 795 3765 damnationis
810 3698 916 3764 subire
933 3698 1118 3762 sententiam
1134 3706 1249 3780 preter

154 3785 357 3863 apostoticam
380 3787 606 3852 auctoritatem.
636 3787 735 3870 igitur
756 3805 864 3853 omnes
880 3787 1056 3868 quicunqne
1071 3801 1178 3852 somus
1192 3783 1250 3850 diii

154 3877 273 3936 sanctae
287 3873 393 3938 metris
407 3873 566 3955 Ecclesiae,
594 3875 628 3938 in
642 3875 775 3940 maximo
792 3873 902 3938 dolore
917 3873 1010 3956 positi
1025 3890 1142 3938 sununs.
1171 3871 1249 3938 Nam

153 3957 322 4041 plurimum
345 3979 502 4038 veremur,
528 3963 556 4026 ai
581 3961 643 4026 illis
667 3961 851 4026 miserrimis
873 3966 905 4024 et
929 3959 1147 4043 perditissimis
1173 3961 1248 4024 vitis

153 4043 311 4112 audientia
326 4049 424 4113 sancti
439 4049 563 4114 concilii
580 4047 689 4128 (sicut,
709 4049 769 4129 ipsi
783 4048 822 4112 de
836 4065 929 4132 poena
944 4049 1058 4128 securi,
1072 4045 1247 4132 postulant)

154 4135 371 4216 permittatur3
386 4154 466 4216 cum,
481 4136 521 4201 de
537 4141 620 4200 tanta
635 4135 889 4219 praesumptione
902 4137 1051 4216 revictos,
1067 4135 1169 4218 puniri
1185 4133 1248 4197 mi·

153 4219 240 4288 uine
255 4215 455 4308 concedatur,
476 4223 662 4307 pravissima
677 4223 821 4293 scandata
836 4223 869 4290 in
886 4226 969 4292 omni
983 4223 1099 4374 pfpoio
1113 4217 1248 4288 fidetium
