2938 4716
1226 335 1247 395 h

206 541 232 585 s.
248 521 399 586 Prudentii
420 519 522 582 verbis
546 519 719 582 satisfaciet.
754 519 843 580 Certe
858 517 975 582 birreos
995 519 1113 598 quidam
1135 533 1246 598 saepe-

206 639 331 685 numero
352 622 508 682 dicebatur
529 617 687 690 Hiberuus‚
710 636 776 680 rum
797 625 877 682 esset
894 618 1034 680 educatus
1049 620 1077 680 in
1094 617 1246 694 Hibernia,

206 724 330 784 ustione
351 720 463 796 Britto‚
490 725 521 780 ut
549 719 587 782 de
609 737 647 780 eo
667 719 770 780 scribit
791 719 896 780 iirious
918 718 1193 780 Autissiodorensis
1215 719 1244 780 iu

204 821 262 884 huc
284 820 335 882 iih.
356 819 368 881 i
392 818 429 882 de
450 813 602 880 miraculis
626 837 651 880 s.
674 818 811 880 Germani
828 823 876 894 ι5).

287 919 390 982 Restat
413 920 530 980 tertium
554 925 769 998 argumentum,
790 921 837 981 cui
860 924 1000 980 suctores
1022 915 1174 996 plurimum
1189 917 1244 978 tri-

203 1019 299 1082 buere
321 1018 427 1080 soient.
470 1018 599 1080 Thomas
625 1017 744 1098 quidem
774 1018 913 1080 blooreus
935 1025 1045 1080 tontum
1069 1018 1098 1078 iu
1122 1035 1160 1078 eo
1184 1017 1245 1078 ruit

202 1123 316 1199 inesse,
340 1127 372 1180 ut
389 1118 497 1180 nulium
522 1135 614 1198 prope
638 1127 878 1200 argumentorum
899 1118 1015 1199 pondus
1036 1119 1158 1180 vincere
1181 1133 1242 1178 uou

202 1225 306 1301 queet3
339 1224 370 1280 et
391 1219 422 1280 C.
447 1219 479 1280 h.
502 1217 693 1280 Scbiueterus
718 1221 760 1281 ait
775 1223 836 1296 ’Ὃς
867 1219 1008 1282 Thomam
1028 1219 1182 1282 Mooseum
1213 1218 1241 1280 iu

199 1337 233 1381 rc
254 1337 310 1382 sua
330 1318 555 1394 „confirmanda
577 1321 772 1382 certissimis‘
796 1321 879 1382 inuiti
901 1318 1139 1403 „argurocutis.“
1160 1353 1200 1365 -

275 1420 335 1481 Hi
358 1420 446 1501 igitur
469 1421 510 1482 ita
533 1419 734 1482 contendunt:
770 1421 963 1498 „Hiberniam
995 1420 1116 1482 loeuuis
1146 1419 1240 1482 nostri

200 1521 324 1600 patriam
348 1537 428 1596 esse,
457 1527 616 1600 propterea
641 1521 721 1602 quod
743 1522 821 1584 uuita
844 1522 901 1584 aiio
926 1522 962 1583 de
986 1539 1077 1583 cause
1097 1520 1162 1584 beri
1182 1537 1241 1598 po-

201 1621 296 1698 tuerit,
320 1627 350 1682 ut
374 1635 543 1702 cognomen
573 1628 696 1703 gereret
722 1621 890 1704 Erigonae,
923 1617 1003 1703 quod
1037 1621 1075 1684 sit
1107 1622 1138 1684 iu
1167 1619 1240 1682 Eriu

196 1723 277 1798 (sive
299 1719 456 1795 Hiberuin)
477 1721 565 1782 uati.“
588 1757 629 1771 -

279 1820 382 1902 itaque
404 1819 442 1882 ad
466 1823 589 1882 aiterum
612 1821 733 1885 ioauuis
753 1823 847 1884 nostri
878 1837 1065 1904 cognomen,
1098 1837 1174 1900 quo,
1207 1818 1237 1882 id

194 1919 274 2000 quad
294 1937 383 2000 supra
408 1919 465 1982 iam
489 1923 674 2000 monuimus,
708 1923 802 2002 patria
835 1925 900 1985 eius
924 1922 1130 2005 significetur,
1167 1939 1238 2001 per.

197 2027 316 2082 venturu
338 2026 393 2080 est.
1185 2019 1189 2034 ·

278 2120 342 2182 Hoc
365 2135 534 2200 cognomen
559 2119 680 2200 loanni,
712 2140 778 2184 cum
809 2138 913 2184 omues
934 2119 1054 2182 omuino
1078 2119 1133 2181 viri
1156 2118 1238 2181 docti

193 2237 289 2301 usquc
311 2221 349 2282 ab
371 2221 501 2300 antiquis
524 2223 706 2302 temporibus
728 2221 785 2283 hac
818 2222 855 2282 de
887 2239 920 2282 re
957 2219 1182 2296 consenserint,
1217 2235 1234 2278 a

189 2320 286 2402 patria
309 2321 431 2382 inditum
452 2320 548 2382 videri
569 2323 761 2384 concedimus
769 2341 780 2395 ,·
802 2323 838 2384 ab
854 2321 924 2383 Eriu
940 2321 1035 2402 putria
1060 2319 1090 2381 id
1114 2317 1233 2380 ductura

188 2422 284 2484 rideri
317 2438 479 2503 negamus:
516 2424 575 2484 imo
611 2440 698 2503 quum
731 2423 790 2484 duo
825 2423 924 2504 priora
960 2425 1134 2502 argumenta
1170 2436 1231 2481 nou

187 2520 405 2600 ostenderent,
438 2520 578 2584 ioannem
600 2526 630 2585 iu
651 2523 792 2584 Hibernia
816 2541 885 2586 esse
906 2529 1023 2600 uotum,
1055 2519 1114 2583 boc
1133 2521 1231 2601 potius

187 2623 308 2684 ostendi
326 2631 482 2703 putamus,
520 2641 587 2685 euru
617 2643 675 2686 uon
698 2626 726 2685 iu
750 2625 889 2686 Hibernia
912 2640 981 2686 csse
1003 2629 1112 2688 uatum.
1156 2620 1228 2684 Natu

187 2723 312 2804 primurn
333 2723 397 2783 iure
420 2723 554 2801 mireris,
589 2726 637 2804 qui
674 2724 780 2786 iactum
814 2727 869 2802 sit,
902 2731 935 2785 ut
956 2723 1055 2804 potius
1078 2719 1227 2784 vocabulo

186 2823 392 2885 semibarbaro
414 2821 545 2905 Erigeua
567 2824 729 2904 appetimus
752 2826 808 2902 sit,
841 2843 928 2904 quam
951 2841 1033 2888 mere
1057 2823 1148 2884 iatino
1170 2819 1227 2882 Hi-

185 2923 362 3002 beruigeua.
406 2923 534 3000 Deinde,
555 2930 586 2985 ut
609 2926 666 2987 iam
691 2925 792 2988 Petrus
816 2925 853 2986 dc
876 2925 987 3002 hiarca,
1010 2924 1057 2984 vir
1079 2921 1223 2984 doctissi-

182 3041 257 3102 mus,
276 3022 519 3104 archiepiscopus
533 3025 718 3105 herisiensis,
732 3025 948 3103 animadvertit,
964 3024 1001 3084 ab
1013 3023 1082 3084 Eric
1100 3019 1222 3084 torrunri

184 3125 285 3186 debuit
306 3141 365 3186 uon
386 3125 533 3206 Erigcua,
556 3126 608 3186 scd
631 3127 804 3208 Eriuigena.
847 3129 918 3189 Suut
939 3124 1076 3205 quidem,
1101 3122 1150 3202 qui
1172 3121 1222 3184 di·
1260 3163 1262 3170 ι

182 3231 261 3298 caut,
283 3225 422 3284 ioannem
446 3227 532 3286 etiarn
546 3225 725 3308 Eringenaru
749 3227 923 3308 appeliatum
946 3243 1025 3298 esse,
1046 3223 1099 3286 sed
1116 3224 1221 3286 borum

181 3325 333 3386 decretum
354 3326 434 3386 omni
460 3327 636 3389 auctoritate
661 3335 764 3406 caret,
800 3345 889 3408 quum
919 3333 986 3388 ante
1019 3324 1218 3400 Tritbrruiurn,

179 3426 259 3505 quod
281 3442 336 3487 uos
359 3426 476 3506 quidem
498 3425 718 3504 invenerimus,
751 3446 838 3490 nemo
869 3428 906 3488 dc
928 3427 1078 3508 Eriugena
1101 3427 1217 3488 iocatus

174 3526 223 3603 sit,
245 3532 276 3587 et
296 3544 335 3588 ex
355 3525 467 3588 Thurua
485 3525 578 3589 Gaieo
599 3532 673 3590 satis
695 3535 824 3607 constet,
847 3528 987 3590 ioannem
1005 3525 1215 3606 antiquissimis

208 3759 254 3826 15)
275 3757 308 3808 cs.
336 3756 388 3808 Th.
413 3757 489 3810 (ieie.
511 3759 527 3810 Ι.
548 3760 566 3810 Ι.
588 3789 621 3799 -
641 3767 700 3813 teat.
721 3778 745 3831 p.
770 3761 810 3814 to.
831 3791 866 3804 ·-
890 3761 957 3814 Eriti
986 3759 1055 3812 iiber
1080 3763 1167 3810 eatur
1185 3751 1212 3805 iu

273 3845 300 3896 P.
320 3845 423 3916 Lohbei
442 3845 559 3898 biblioth
588 3848 624 3898 Μ.
643 3866 678 3898 at.
699 3856 762 3900 torn.
784 3849 803 3900 i⁴

209 3945 255 4014 td)
276 3945 310 3998 ci.
332 3948 352 3997 i.
373 3948 445 4000 secat
465 3949 532 4016 Erig.
553 3949 586 4000 de
605 3949 654 4002 div.
675 3959 728 4002 not.
753 3951 816 4006 libri
839 3951 869 4002 V.
908 3951 996 4002 Editio
1023 3950 1157 4018 recognita
1185 3955 1212 4000 ci

272 4034 420 4086 emendato.
449 4037 564 4088 hlouost.
584 4037 809 4109 Girrstphuiorrun
834 4037 1094 4092 hiHCCCHHHVlii.
1117 4053 1142 4106 p.
1165 4035 1209 4086 ili.
