2934 4710
1137 323 1195 395 tut

146 497 337 568 conscientia
362 517 379 564 a
402 499 559 580 peccando
579 505 678 583 potest
701 500 864 564 deterrere.
909 497 1014 567 Nonne
1037 465 1193 580 iaceres,

148 602 293 681 quidquid
326 602 367 662 ad
386 602 533 664 scelerum
554 601 695 664 libidines
718 604 907 665 coercendas
927 612 975 666 est
995 607 1196 685 constitutum,

151 701 288 764 funditus
324 704 539 781 propemodum
571 705 688 780 evertit,
709 703 839 780 disiieit,
866 704 904 764 eb
935 707 1087 767 bornicum
1118 722 1197 766 eon·

149 807 258 882 spectu
277 803 439 868 removete
490 803 551 862 blec
574 804 744 882 punientem
768 805 855 865 deum
884 807 968 882 quasi
993 805 1199 866 exacerbandi
1283 867 1289 880 ,

151 902 248 964 timor
279 902 417 964 homines
448 905 545 982 caragis
576 902 710 978 terreos,
742 919 801 963 nec
833 911 981 966 amantem
1005 906 1092 966 deum
1114 905 1198 985 quasi

151 1003 354 1065 oomdstondi
386 1009 482 1064 metus
515 1003 655 1064 beminos
683 1006 780 1082 magis
794 1062 799 1075 ,
815 1005 983 1084 ingenuos,
1003 1023 1042 1066 oe
1064 1013 1198 1068 urentem

151 1103 304 1182 peccandi
327 1103 517 1184 cupiditatem
539 1101 695 1183 peccando
718 1104 858 1183 expleant
880 1112 968 1184 etque
999 1107 1201 1187 exstinguant,

151 1205 226 1267 uon
247 1207 331 1268 Scoti
362 1205 530 1267 doctrinam
553 1208 638 1284 sequi
661 1203 822 1282 voluerint,
844 1207 1041 1284 permovebit.
1085 1207 1201 1281 Quotus

151 1311 254 1366 autem
276 1305 402 1385 quisque
423 1303 630 1366 conscientiae
651 1319 726 1380 reae
747 1305 805 1366 troo
825 1305 942 1380 tribuet,
966 1311 997 1366 ut
1018 1323 1084 1368 cam
1105 1309 1200 1370 sulam

152 1405 217 1466 sibi
235 1406 342 1468 decern
369 1403 471 1484 eligat,
493 1421 600 1485 neque,
625 1403 805 1485 voluptatum
830 1405 858 1464 vi
882 1401 1049 1480 allectante,
1071 1421 1200 1487 unquam

154 1505 301 1567 deserm!
351 1505 466 1578 Quodsi
502 1507 560 1567 ista
594 1505 733 1566 electrina
765 1506 803 1566 ad
827 1507 906 1568 vitoe
927 1509 1094 1570 communis
1116 1523 1200 1568 usum

154 1603 344 1680 referretur,
373 1606 499 1666 remotis
530 1604 685 1683 prolecto,
719 1605 915 1684 quincunque
939 1605 1104 1668 liuentibus
1127 1621 1203 1687 pec·

154 1704 249 1766 morli
280 1703 454 1766 libidinibus
485 1703 625 1781 ᾖιιιιιίιέιίι,
657 1711 689 1766 ut
716 1705 832 1786 Virgilii
861 1705 964 1766 verltis
997 1711 1124 1784 utamur,
1154 1713 1202 1784 „et

154 1809 278 1868 montes
309 1805 382 1867 alti“
426 1811 495 1868 sunt
532 1806 688 1886 imposita,
720 1807 818 1870 omnia
854 1806 996 1868 miseeret
1028 1809 1204 1885 penitusque

156 1905 350 1967 disturbaret.

630 2065 661 2135 s.
684 2055 734 2122 59.

259 2173 400 2240 Venimus
428 2175 546 2238 tandem
576 2175 615 2237 ad
646 2181 781 2256 quartam
806 2173 884 2238 illam
908 2169 1038 2238 Naturae
1060 2173 1203 2255 speciem,

156 2285 209 2340 tae
230 2293 287 2339 uso
307 2285 427 2340 creatur
447 2295 503 2338 nec
524 2281 619 2338 creat.
660 2276 732 2348 Sed,
755 2282 858 2356 quant,
879 2292 955 2337 nore
978 2276 1036 2339 buo
1055 2277 1197 2355 pertines,

157 2384 242 2440 tuam
275 2394 347 2457 prae
377 2376 488 2438 ceteris
519 2375 690 2456 perniciosa
710 2380 795 2450 sont,
820 2391 908 2454 quam
930 2373 1074 2437 ridicula.
1118 2375 1205 2447 Qua·

161 2493 254 2555 quum
286 2475 315 2536 in
349 2476 405 2553 iis,
437 2489 513 2554 queo
545 2474 666 2554 proprie
699 2473 872 2552 peruiciosa
900 2480 1022 2548 essent,
1057 2472 1207 2553 longiore,

157 2573 314 2650 fuerimus,
337 2574 366 2634 in
389 2568 446 2648 luis,
469 2590 543 2653 quas
565 2571 695 2635 tortasse
716 2570 811 2634 nolles
832 2578 943 2635 tantum
966 2570 1080 2634 tabulas
1101 2573 1204 2652 appel.

160 2673 274 2752 avaris,
295 2675 407 2736 erimus
428 2673 595 2736 breviores.

624 2836 655 2905 §-
678 2819 730 2887 eo.
813 2767 814 2770 Ἴ

263 2937 298 3008 b.
348 2939 476 3020 „Quarta
510 2939 641 3004 Naturae
669 2939 798 3022 species,
832 2951 908 3022 quae
932 2953 990 3000 neo
1008 2941 1126 3000 creatur
1148 2955 1207 3000 nec

162 3043 260 3122 creet,
283 3041 422 3124 prolecto
453 3043 515 3124 ipse
546 3040 620 3104 deus
641 3047 696 3103 est.
740 3039 847 3104 Divina
871 3028 983 3116 (ειιῑιιι)Ι
1006 3043 1111 3101 natura
1136 3056 1207 3100 ere-

162 3143 246 3205 ditur
274 3159 335 3205 non
371 3143 488 3218 creari,
517 3139 656 3222 quonium
684 3137 830 3222 primitive
864 3141 994 3201 omnium
1023 3154 1114 3200 causa
1147 3147 1204 3214 est,

163 3243 348 3324 ultraquam
372 3239 443 3306 nibil
464 3247 519 3318 est,
542 3261 558 3303 a
584 3261 642 3322 quo
666 3243 760 3321 possit
783 3239 891 3303 creari.
926 3241 1020 3314 Qurun
1044 3256 1117 3301 vero
1139 3244 1207 3320 post

164 3344 293 3406 reditum
321 3338 520 3406 uniuersitatis
548 3339 688 3404 cornelitas
712 3342 740 3402 iu
767 3357 837 3402 siras
858 3339 1066 3420 primordiales
1088 3357 1207 3420 causas,

167 3447 296 3524 quaein
327 3439 389 3524 ipsu
422 3443 521 3506 diuina
551 3447 655 3504 natura
679 3440 880 3517 continentur,
903 3436 981 3503 nulla
1004 3435 1126 3504 ulterius
1146 3457 1207 3503 ne-

168 3547 234 3606 lura
258 3561 297 3606 ex
319 3561 354 3605 ea
384 3543 592 3626 procreabitur
613 3555 667 3602 seu
690 3543 720 3602 io
737 3543 856 3622 species
878 3531 1041 3601 sensibiles
1064 3535 1209 3620 intelligi·

164 3641 282 3704 bilesuc
319 3639 567 3723 multiplicabitur,
602 3657 662 3702 non
688 3635 835 3703 immerito
860 3637 931 3700 nibil
957 3638 1114 3700 creancet
1137 3653 1208 3699 cre·

165 3745 247 3807 ditur
264 3751 294 3807 et
315 3744 515 3825 intelligitur!
540 3778 577 3791 -—
606 3739 672 3819 (tv,
695 3737 840 3819 eet-ut.)

635 3901 665 3969 s.
687 3893 737 3959 bt.

266 4015 357 4096 ,boot
389 4017 564 4097 argumenta
596 4009 808 4094 probatissima
830 4025 871 4071 ex
889 4005 982 4070 rebus
1002 4003 1214 4082 sensibilibus,

1000 4110 1019 4171 9
