2934 4710
1094 355 1154 423 los

208 531 373 612 „ignorans
407 538 504 608 (est),
538 530 588 612 qui
621 529 711 608 dicit,
745 531 854 594 nnllam
890 533 1098 615 turpitudinem
1131 535 1161 600 in

131 632 319 694 universitate
351 633 440 694 totius
471 638 629 694 creaturae
661 649 751 711 posse
771 651 858 696 esse:
889 636 970 714 qood
992 636 1069 697 enim
1092 654 1163 715 par-

138 734 186 794 lim
209 732 372 812 contingit,
400 733 430 792 in
454 737 516 794 toto
537 731 602 792 beri
623 731 697 794 deus
717 748 778 794 non
801 734 888 810 sinit,
911 735 995 798 cuiuis
1017 753 1074 796 nec
1094 735 1165 796 oni-

133 832 280 894 versilalis
303 831 455 912 torpitudo
478 833 570 912 turpis
591 838 649 912 est,
664 849 723 896 nec
744 831 855 896 malitia
874 841 978 915 nocet,
1000 853 1058 898 neo
1079 852 1167 898 error

130 937 237 999 errat“
259 967 301 982 -

209 1033 308 1112 Atque
332 1029 440 1094 codem
463 1030 553 1094 modo
575 1031 664 1094 etiam
689 1030 759 1094 alibi
781 1032 836 1108 (cl.
857 1032 906 1110 ΙΙΙ,
920 1033 985 1112 rt.)
1009 1040 1041 1096 et
1063 1039 1166 1098 rectae

133 1134 255 1196 rationis
287 1139 319 1194 et
350 1133 505 1195 doctrinae
538 1132 723 1197 Christianae
756 1135 905 1196 sententia
936 1134 1039 1212 (buius
1066 1153 1167 1198 rerum

133 1234 334 1296 univcrsitatis
366 1231 560 1296 substantiam
592 1251 611 1295 a
642 1234 806 1297 substantia
838 1235 939 1298 divina
960 1252 1030 1298 esse
1049 1237 1167 1316 penitus

133 1333 295 1410 diversam)
318 1332 438 1396 disertis
471 1333 573 1396 verbis
604 1339 693 1415 atquc
716 1333 754 1396 de
777 1333 923 1398 industria
945 1335 1089 1400 refellitur
1108 1353 1167 1400 nec

132 1433 585 1497 mffimmmm

210 1533 245 1595 V.
288 1533 380 1596 Hisce
411 1551 500 1596 unum
526 1535 656 1614 denique
675 1534 774 1597 locurn
798 1535 986 1615 adiiciamus,
1007 1535 1057 1618 qui
1077 1537 1165 1600 etiarn

134 1629 191 1694 boc
222 1633 351 1711 doceat,
386 1652 473 1713 quam
505 1634 617 1696 acerbe
650 1653 687 1696 ao
717 1633 884 1716 petulanter
917 1637 1025 1701 Scelus
1059 1654 1166 1700 sacrae

132 1734 293 1812 scripturae
315 1751 455 1813 sensum,
476 1741 507 1796 ut
528 1734 566 1796 ad
589 1753 673 1798 suam
692 1751 760 1798 eum
780 1737 958 1799 sententiam
980 1736 1167 1816 detorqueat,

131 1833 294 1913 vexaverit,
317 1835 542 1915 depravaverit,
574 1838 749 1915 corruperit.
802 1835 912 1900 Verum
944 1836 1021 1898 baec
1048 1853 1099 1898 res
1120 1843 1167 1898 est

132 1934 266 2012 prolecto
287 1951 336 2012 ea,
367 1951 444 2014 quac
467 1935 548 1996 sanis
570 1937 718 1999 mentibus
751 1953 895 1998 minimam
915 1939 975 1998 lur'n
995 1937 1166 2000 miseratio·

132 2049 195 2096 nem
219 2041 278 2096 tum
302 2033 536 2115 indignationem
557 2053 617 2098 non
640 2053 764 2097 movere
784 2053 845 2098 non
868 2043 967 2116 queat.

209 2134 308 2197 llultis
330 2136 436 2216 igitur,
467 2136 573 2216 quibus
604 2134 675 2198 nibil
697 2137 827 2198 sortasse
846 2153 976 2216 unquam
998 2136 1108 2198 dictum
1128 2135 1167 2198 sil
1231 2169 1236 2182 ·

133 2235 262 2315 delirius,
284 2253 469 2316 quorumque
497 2243 609 2316 partem
643 2238 702 2298 iam
724 2254 813 2316 supra
835 2245 875 2314 (§.
899 2237 950 2312 29,
971 2245 1000 2315 §.
1024 2235 1091 2312 33.)
1113 2253 1168 2296 re-

134 2335 257 2413 tulimus,
279 2373 319 2387 -
340 2336 397 2399 sed
435 2337 533 2399 mollis
561 2338 600 2399 de
635 2338 700 2418 ipso
730 2337 856 2400 Genesis
878 2338 1005 2400 exordio
1038 2336 1168 2416 ellolitis,

130 2435 201 2500 baec
225 2437 391 2501 docentur:
413 2438 494 2517 „Fial
517 2438 607 2500 luxus
627 2476 668 2487 —
689 2439 719 2501 b.
740 2457 768 2501 e.
790 2437 971 2520 „procedant
985 2438 1167 2520 primordia·

130 2537 171 2598 les
201 2555 313 2601 causeo
344 2557 384 2600 ex
413 2539 763 2619 incomprehensibilibus
790 2545 915 2602 naturae
940 2556 1017 2602 suae
1038 2539 1166 2602 seeretis

131 2639 158 2700 in
175 2639 290 2701 formas
324 2647 354 2702 et
385 2639 505 2720 species
536 2640 831 2722 comprehensibiles.
853 2639 907 2720 „tat
928 2640 1007 2702 iacta
1030 2647 1076 2701 est
1100 2640 1167 2701 lux“

131 2775 168 2789 -
189 2741 220 2803 lu.
241 2759 270 2802 e.
292 2739 369 2821 „deo
399 2739 519 2802 volente
542 2759 578 2803 ac
601 2739 719 2804 dicente
742 2741 911 2804 obscuritas
933 2739 1166 2821 primordialium

134 2859 286 2906 cansarum
310 2843 340 2904 in
375 2839 488 2903 termas
510 2847 540 2903 et
563 2843 681 2922 species
702 2843 852 2922 processit
875 2846 987 2920 operta:
1009 2839 1063 2919 „Et
1086 2839 1166 2901 divi-

132 2941 168 3004 sit
186 2941 260 3004 dens
283 2959 300 3004 a
324 2943 474 3004 tenebris‘
487 2977 526 2990 -
542 2941 570 3003 b.
592 2959 621 3004 e.
644 2942 834 3028 „segregavit
853 2941 987 3003 notitiam
1007 2937 1165 3001 elleetaom

132 3043 169 3103 ab
202 3043 385 3105 obscuritate
421 3059 540 3104 suarum
575 3043 780 3123 principalium
821 3059 987 3103 causarum.
1050 3039 1166 3100 Divisio

133 3143 235 3222 quippe
267 3143 344 3204 lacis
367 3161 384 3204 a
408 3141 540 3204 tenebris
561 3149 608 3204 est
630 3141 773 3204 discretio
795 3157 906 3220 rerum,
930 3157 984 3221 per
1004 3139 1116 3201 lorinus
1136 3141 1168 3200 et
1205 3175 1207 3180 ,
1249 3153 1254 3166 ’

132 3245 246 3320 species
279 3245 502 3323 apparentium,
536 3261 553 3304 a
581 3242 735 3322 principiis
768 3241 848 3318 suis,
868 3241 899 3302 in
921 3239 1027 3320 quibus
1047 3255 1166 3299 omnem

132 3347 269 3422 superant
304 3341 511 3405 inmlleemms
564 3341 696 3422 ldeoqnc
727 3341 893 3422 praedixit:
923 3339 977 3419 „Et
998 3338 1072 3402 vidit
1092 3337 1167 3400 deos

131 3439 233 3519 lucem,
256 3444 324 3524 quia
354 3450 437 3505 esset
462 3443 560 3504 bona“
581 3477 624 3492 -
649 3444 678 3510 h.
699 3459 726 3505 c.
751 3441 877 3522 „placuit
911 3441 980 3519 deo,
1001 3435 1166 3520 originales

134 3557 254 3620 causas,
290 3549 360 3606 ante
396 3560 513 3606 ornnem
545 3549 731 3620 creaturam,
750 3541 826 3604 ultra
847 3559 965 3604 omnem
987 3539 1167 3602 intellectum

134 3643 280 3723 conditas,
316 3643 514 3706 intellectibus
547 3644 612 3705 sive
643 3643 780 3705 humanis
823 3642 888 3704 sive
924 3639 1069 3722 angelicis
1097 3637 1167 3699 lucc

133 3742 254 3820 quadam
274 3743 487 3826 intelligentiae
499 3741 671 3824 superfusas
686 3741 897 3804 mnnilcstori.“
924 3736 1167 3821 „appellavitque

132 3839 225 3904 lucem
246 3843 336 3921 diem,
360 3849 390 3905 et
411 3844 551 3906 tenebras
571 3847 708 3905 nectens
724 3879 762 3890 -
777 3841 807 3902 b.
828 3858 855 3904 e.
880 3836 1167 3921 „contemplantibus

133 3941 233 4004 animis
266 3945 421 4027 praestitit,
451 3945 719 4007 manifestationem
742 3941 900 4004 visibilium
924 3947 954 4002 ct
975 3936 1166 4003 invisibilium

135 4057 185 4121 per
202 4043 312 4110 lormas
351 4037 385 4109 et'
414 4045 532 4130 species
567 4043 645 4108 diem
678 4041 847 4126 appellare,
880 4059 985 4106 eorum
1019 4041 1115 4100 autem
1136 4033 1167 4097 in
