<?xml version="1.0" encoding="UTF-8"?>
<!DOCTYPE html PUBLIC "-//W3C//DTD XHTML 1.0 Transitional//EN"
    "http://www.w3.org/TR/xhtml1/DTD/xhtml1-transitional.dtd">
<html xmlns="http://www.w3.org/1999/xhtml" xml:lang="en" lang="en">
 <head>
  <title>
</title>
<meta http-equiv="Content-Type" content="text/html;charset=utf-8" />
  <meta name='ocr-system' content='tesseract 3.04.00' />
  <meta name='ocr-capabilities' content='ocr_page ocr_carea ocr_par ocr_line ocrx_word'/>
</head>
<body>
  <div class='ocr_page' id='page_1' title='image "./deioannescotoer00unkngoog_0091.png"; bbox 0 0 2938 4716; ppageno 0'>
   <div class='ocr_carea' id='block_1_1' title="bbox 301 373 343 440">
    <p class='ocr_par' dir='ltr' id='par_1_1' title="bbox 301 373 343 440">
     <span class='ocr_line' id='line_1_1' title="bbox 301 373 343 440; baseline -0.048 0"><span class='ocrx_word' id='word_1_1' title='bbox 301 373 343 440; x_wconf 81' lang='grc'>84</span> 
     </span>
    </p>
   </div>
   <div class='ocr_carea' id='block_1_2' title="bbox 300 552 1341 1340">
    <p class='ocr_par' dir='ltr' id='par_1_2' title="bbox 300 552 1341 1340">
     <span class='ocr_line' id='line_1_2' title="bbox 305 552 1339 640; baseline 0.003 -21"><span class='ocrx_word' id='word_1_2' title='bbox 305 559 409 638; x_wconf 86' lang='lat' dir='ltr'>dicas,</span> <span class='ocrx_word' id='word_1_3' title='bbox 432 555 502 619; x_wconf 92' lang='lat' dir='ltr'>ideo</span> <span class='ocrx_word' id='word_1_4' title='bbox 536 555 668 636; x_wconf 88' lang='lat' dir='ltr'>spiritum</span> <span class='ocrx_word' id='word_1_5' title='bbox 699 559 833 616; x_wconf 90' lang='lat' dir='ltr'>sanctum</span> <span class='ocrx_word' id='word_1_6' title='bbox 856 552 894 616; x_wconf 90' lang='lat' dir='ltr'>dc</span> <span class='ocrx_word' id='word_1_7' title='bbox 916 559 999 634; x_wconf 89' lang='lat' dir='ltr'>patre</span> <span class='ocrx_word' id='word_1_8' title='bbox 1020 553 1139 637; x_wconf 89' lang='lat' dir='ltr'>titioque</span> <span class='ocrx_word' id='word_1_9' title='bbox 1159 558 1339 640; x_wconf 83' lang='lat' dir='ltr'>procedere,</span> 
     </span>
     <span class='ocr_line' id='line_1_3' title="bbox 302 653 1339 740; baseline 0.002 -20"><span class='ocrx_word' id='word_1_10' title='bbox 302 658 382 738; x_wconf 92' lang='lat' dir='ltr'>quod</span> <span class='ocrx_word' id='word_1_11' title='bbox 402 675 457 738; x_wconf 91' lang='lat' dir='ltr'>per</span> <span class='ocrx_word' id='word_1_12' title='bbox 485 656 575 720; x_wconf 89' lang='lat' dir='ltr'>litium</span> <span class='ocrx_word' id='word_1_13' title='bbox 605 656 642 718; x_wconf 88' lang='lat' dir='ltr'>de</span> <span class='ocrx_word' id='word_1_14' title='bbox 662 661 747 735; x_wconf 91' lang='lat' dir='ltr'>patre</span> <span class='ocrx_word' id='word_1_15' title='bbox 774 653 935 732; x_wconf 89' lang='lat' dir='ltr'>procedat,</span> <span class='ocrx_word' id='word_1_16' title='bbox 965 655 995 716; x_wconf 90' lang='lat' dir='ltr'>in</span> <span class='ocrx_word' id='word_1_17' title='bbox 1017 654 1076 717; x_wconf 92' lang='lat' dir='ltr'>hoc</span> <span class='ocrx_word' id='word_1_18' title='bbox 1105 657 1155 718; x_wconf 83' lang='lat' dir='ltr'>rix</span> <span class='ocrx_word' id='word_1_19' title='bbox 1176 657 1339 740; x_wconf 90' lang='lat' dir='ltr'>quidquam</span> 
     </span>
     <span class='ocr_line' id='line_1_4' title="bbox 302 755 1339 840; baseline 0.001 -19"><span class='ocrx_word' id='word_1_20' title='bbox 302 777 389 831; x_wconf 89' lang='lat' dir='ltr'>esse,</span> <span class='ocrx_word' id='word_1_21' title='bbox 424 775 490 819; x_wconf 89' lang='lat' dir='ltr'>curn</span> <span class='ocrx_word' id='word_1_22' title='bbox 513 757 589 818; x_wconf 81' lang='lat' dir='ltr'>silius</span> <span class='ocrx_word' id='word_1_23' title='bbox 609 763 639 817; x_wconf 88' lang='lat' dir='ltr'>et</span> <span class='ocrx_word' id='word_1_24' title='bbox 671 755 735 836; x_wconf 88' lang='lat' dir='ltr'>ipsc</span> <span class='ocrx_word' id='word_1_25' title='bbox 758 772 878 816; x_wconf 89' lang='lat' dir='ltr'>causam</span> <span class='ocrx_word' id='word_1_26' title='bbox 906 772 990 817; x_wconf 89' lang='lat' dir='ltr'>suam</span> <span class='ocrx_word' id='word_1_27' title='bbox 1011 757 1121 818; x_wconf 88' lang='lat' dir='ltr'>haheat</span> <span class='ocrx_word' id='word_1_28' title='bbox 1140 765 1262 838; x_wconf 87' lang='lat' dir='ltr'>putrem.</span> <span class='ocrx_word' id='word_1_29' title='bbox 1289 761 1339 840; x_wconf 83' lang='lat' dir='ltr'>(ll,</span> 
     </span>
     <span class='ocr_line' id='line_1_5' title="bbox 303 855 1340 938; baseline 0.001 -16"><span class='ocrx_word' id='word_1_30' title='bbox 303 861 361 935; x_wconf 87' lang='lat' dir='ltr'>t9;</span> <span class='ocrx_word' id='word_1_31' title='bbox 382 857 417 936; x_wconf 89' lang='lat' dir='ltr'>ll,</span> <span class='ocrx_word' id='word_1_32' title='bbox 438 857 589 926; x_wconf 79' lang='lat'><strong>30-35.)</strong></span> <span class='ocrx_word' id='word_1_33' title='bbox 642 855 744 934; x_wconf 85' lang='lat' dir='ltr'>Neque</span> <span class='ocrx_word' id='word_1_34' title='bbox 767 861 865 918; x_wconf 80' lang='lat' dir='ltr'>tanuen</span> <span class='ocrx_word' id='word_1_35' title='bbox 888 873 1030 918; x_wconf 91' lang='lat' dir='ltr'>recusare</span> <span class='ocrx_word' id='word_1_36' title='bbox 1052 857 1159 936; x_wconf 90' lang='lat' dir='ltr'>audet,</span> <span class='ocrx_word' id='word_1_37' title='bbox 1179 861 1340 938; x_wconf 88' lang='lat' dir='ltr'>quominus</span> 
     </span>
     <span class='ocr_line' id='line_1_6' title="bbox 300 953 1340 1038; baseline 0.003 -18"><span class='ocrx_word' id='word_1_38' title='bbox 300 959 422 1038; x_wconf 88' lang='lat' dir='ltr'>credat,</span> <span class='ocrx_word' id='word_1_39' title='bbox 443 955 575 1036; x_wconf 89' lang='lat' dir='ltr'>spiritum</span> <span class='ocrx_word' id='word_1_40' title='bbox 609 953 647 1016; x_wconf 93' lang='lat' dir='ltr'>de</span> <span class='ocrx_word' id='word_1_41' title='bbox 668 961 753 1036; x_wconf 91' lang='lat' dir='ltr'>patre</span> <span class='ocrx_word' id='word_1_42' title='bbox 774 954 893 1038; x_wconf 88' lang='lat' dir='ltr'>filioque</span> <span class='ocrx_word' id='word_1_43' title='bbox 917 955 1102 1038; x_wconf 88' lang='lat' dir='ltr'>procedere:</span> <span class='ocrx_word' id='word_1_44' title='bbox 1125 976 1191 1020; x_wconf 88' lang='lat' dir='ltr'>narn</span> <span class='ocrx_word' id='word_1_45' title='bbox 1214 967 1340 1024; x_wconf 85' lang='lat' dir='ltr'>sanctos</span> 
     </span>
     <span class='ocr_line' id='line_1_7' title="bbox 300 1053 1341 1140; baseline 0 -18"><span class='ocrx_word' id='word_1_46' title='bbox 300 1065 401 1140; x_wconf 88' lang='lat' dir='ltr'>patros</span> <span class='ocrx_word' id='word_1_47' title='bbox 424 1057 547 1118; x_wconf 89' lang='lat' dir='ltr'>Latinos</span> <span class='ocrx_word' id='word_1_48' title='bbox 570 1053 842 1134; x_wconf 78' lang='lat' dir='ltr'>,rationabiliter“,</span> <span class='ocrx_word' id='word_1_49' title='bbox 860 1055 896 1118; x_wconf 87' lang='lat' dir='ltr'>&#39;si</span> <span class='ocrx_word' id='word_1_50' title='bbox 929 1057 996 1136; x_wconf 90' lang='lat' dir='ltr'>quis</span> <span class='ocrx_word' id='word_1_51' title='bbox 1017 1075 1072 1120; x_wconf 91' lang='lat' dir='ltr'>eos</span> <span class='ocrx_word' id='word_1_52' title='bbox 1092 1057 1149 1120; x_wconf 90' lang='lat' dir='ltr'>hac</span> <span class='ocrx_word' id='word_1_53' title='bbox 1172 1059 1210 1121; x_wconf 91' lang='lat' dir='ltr'>de</span> <span class='ocrx_word' id='word_1_54' title='bbox 1232 1078 1266 1122; x_wconf 90' lang='lat' dir='ltr'>re</span> <span class='ocrx_word' id='word_1_55' title='bbox 1287 1062 1341 1122; x_wconf 88' lang='lat' dir='ltr'>in-</span> 
     </span>
     <span class='ocr_line' id='line_1_8' title="bbox 301 1156 1340 1241; baseline 0.002 -19"><span class='ocrx_word' id='word_1_56' title='bbox 301 1163 496 1240; x_wconf 86' lang='lat' dir='ltr'>terrogasset,</span> <span class='ocrx_word' id='word_1_57' title='bbox 515 1156 572 1218; x_wconf 88' lang='lat' dir='ltr'>sibi</span> <span class='ocrx_word' id='word_1_58' title='bbox 602 1162 835 1237; x_wconf 85' lang='lat' dir='ltr'>,responsuros“</span> <span class='ocrx_word' id='word_1_59' title='bbox 864 1156 971 1234; x_wconf 89' lang='lat' dir='ltr'>videri,</span> <span class='ocrx_word' id='word_1_60' title='bbox 992 1163 1022 1218; x_wconf 87' lang='lat' dir='ltr'>et</span> <span class='ocrx_word' id='word_1_61' title='bbox 1042 1175 1149 1221; x_wconf 90' lang='lat' dir='ltr'>sacrae</span> <span class='ocrx_word' id='word_1_62' title='bbox 1171 1159 1340 1241; x_wconf 77' lang='lat' dir='ltr'>scripturae</span> 
     </span>
     <span class='ocr_line' id='line_1_9' title="bbox 301 1255 1060 1340; baseline 0 -18"><span class='ocrx_word' id='word_1_63' title='bbox 301 1261 429 1322; x_wconf 77' lang='lat' dir='ltr'>forsitan</span> <span class='ocrx_word' id='word_1_64' title='bbox 450 1257 627 1322; x_wconf 88' lang='lat' dir='ltr'>auctoritate</span> <span class='ocrx_word' id='word_1_65' title='bbox 648 1273 739 1338; x_wconf 88' lang='lat' dir='ltr'>posse</span> <span class='ocrx_word' id='word_1_66' title='bbox 763 1256 894 1320; x_wconf 90' lang='lat' dir='ltr'>delendi.</span> <span class='ocrx_word' id='word_1_67' title='bbox 919 1255 972 1340; x_wconf 86' lang='lat' dir='ltr'>(ll,</span> <span class='ocrx_word' id='word_1_68' title='bbox 993 1257 1060 1338; x_wconf 83' lang='lat'><strong>33.)</strong></span> 
     </span>
    </p>
   </div>
   <div class='ocr_carea' id='block_1_3' title="bbox 765 1373 972 1450">
    <p class='ocr_par' dir='ltr' id='par_1_3' title="bbox 765 1373 972 1450">
     <span class='ocr_line' id='line_1_10' title="bbox 765 1373 972 1450; baseline -0.01 0"><span class='ocrx_word' id='word_1_69' title='bbox 765 1380 795 1450; x_wconf 72' lang='lat' dir='ltr'>S·</span> <span class='ocrx_word' id='word_1_70' title='bbox 821 1373 869 1437; x_wconf 83' lang='lat'>13.</span> <span class='ocrx_word' id='word_1_71' title='bbox 969 1441 972 1448; x_wconf 79' lang='grc'>,</span> 
     </span>
    </p>
   </div>
   <div class='ocr_carea' id='block_1_4' title="bbox 220 1490 1371 3486">
    <p class='ocr_par' dir='ltr' id='par_1_4' title="bbox 297 1490 1342 2679">
     <span class='ocr_line' id='line_1_11' title="bbox 383 1490 1339 1573; baseline 0.004 -19"><span class='ocrx_word' id='word_1_72' title='bbox 383 1491 474 1570; x_wconf 84' lang='lat' dir='ltr'>,Num</span> <span class='ocrx_word' id='word_1_73' title='bbox 506 1490 612 1554; x_wconf 83' lang='lat' dir='ltr'>decem</span> <span class='ocrx_word' id='word_1_74' title='bbox 644 1491 818 1572; x_wconf 73' lang='lat' dir='ltr'>categoriae</span> <span class='ocrx_word' id='word_1_75' title='bbox 850 1507 923 1553; x_wconf 86' lang='lat' dir='ltr'>vera</span> <span class='ocrx_word' id='word_1_76' title='bbox 945 1509 981 1554; x_wconf 89' lang='lat' dir='ltr'>ac</span> <span class='ocrx_word' id='word_1_77' title='bbox 1010 1493 1130 1573; x_wconf 91' lang='lat' dir='ltr'>proprie</span> <span class='ocrx_word' id='word_1_78' title='bbox 1154 1493 1339 1558; x_wconf 80' lang='lat' dir='ltr'>donamina</span> 
     </span>
     <span class='ocr_line' id='line_1_12' title="bbox 300 1590 1341 1673; baseline 0.004 -19"><span class='ocrx_word' id='word_1_79' title='bbox 300 1592 402 1655; x_wconf 85' lang='lat' dir='ltr'>divino</span> <span class='ocrx_word' id='word_1_80' title='bbox 425 1591 539 1673; x_wconf 81' lang='lat' dir='ltr'>possint</span> <span class='ocrx_word' id='word_1_81' title='bbox 558 1590 738 1672; x_wconf 87' lang='lat' dir='ltr'>praedicari,</span> <span class='ocrx_word' id='word_1_82' title='bbox 763 1590 881 1654; x_wconf 84' lang='lat' dir='ltr'>difficile</span> <span class='ocrx_word' id='word_1_83' title='bbox 903 1597 949 1656; x_wconf 88' lang='lat' dir='ltr'>est</span> <span class='ocrx_word' id='word_1_84' title='bbox 970 1591 1060 1656; x_wconf 82' lang='lat' dir='ltr'>dlotu.</span> <span class='ocrx_word' id='word_1_85' title='bbox 1112 1593 1165 1658; x_wconf 84' lang='lat' dir='ltr'>llst</span> <span class='ocrx_word' id='word_1_86' title='bbox 1186 1601 1284 1658; x_wconf 88' lang='lat' dir='ltr'>nutem</span> <span class='ocrx_word' id='word_1_87' title='bbox 1306 1597 1341 1658; x_wconf 93' lang='lat' dir='ltr'>in</span> 
     </span>
     <span class='ocr_line' id='line_1_13' title="bbox 297 1689 1342 1782; baseline 0.007 -28"><span class='ocrx_word' id='word_1_88' title='bbox 297 1693 357 1754; x_wconf 91' lang='lat' dir='ltr'>hac</span> <span class='ocrx_word' id='word_1_89' title='bbox 379 1692 555 1773; x_wconf 77' lang='lat' dir='ltr'>quaestione</span> <span class='ocrx_word' id='word_1_90' title='bbox 583 1692 650 1752; x_wconf 92' lang='lat' dir='ltr'>usui</span> <span class='ocrx_word' id='word_1_91' title='bbox 684 1689 834 1772; x_wconf 82' lang='lat' dir='ltr'>theologia</span> <span class='ocrx_word' id='word_1_92' title='bbox 863 1689 1042 1776; x_wconf 66' lang='lat' dir='ltr'>sinoponus&gt;</span> <span class='ocrx_word' id='word_1_93' title='bbox 1075 1701 1106 1758; x_wconf 90' lang='lat' dir='ltr'>et</span> <span class='ocrx_word' id='word_1_94' title='bbox 1127 1698 1342 1782; x_wconf 72' lang='grc' dir='ltr'><strong><em>κᾳταφατικὴ,</em></strong></span> 
     </span>
     <span class='ocr_line' id='line_1_14' title="bbox 298 1790 1342 1875; baseline 0.005 -19"><span class='ocrx_word' id='word_1_95' title='bbox 298 1811 423 1875; x_wconf 84' lang='lat' dir='ltr'>quarum</span> <span class='ocrx_word' id='word_1_96' title='bbox 445 1792 495 1856; x_wconf 91' lang='lat' dir='ltr'>illa</span> <span class='ocrx_word' id='word_1_97' title='bbox 516 1798 617 1872; x_wconf 87' lang='lat' dir='ltr'>negat,</span> <span class='ocrx_word' id='word_1_98' title='bbox 640 1790 716 1852; x_wconf 89' lang='lat' dir='ltr'>haec</span> <span class='ocrx_word' id='word_1_99' title='bbox 740 1791 867 1854; x_wconf 87' lang='lat' dir='ltr'>allirmnt</span> <span class='ocrx_word' id='word_1_100' title='bbox 888 1827 929 1840; x_wconf 91' lang='lat'><em>-</em></span> <span class='ocrx_word' id='word_1_101' title='bbox 951 1811 1021 1856; x_wconf 91' lang='lat' dir='ltr'>esse</span> <span class='ocrx_word' id='word_1_102' title='bbox 1043 1794 1172 1856; x_wconf 80' lang='lat' dir='ltr'>divinam</span> <span class='ocrx_word' id='word_1_103' title='bbox 1195 1799 1342 1862; x_wconf 87' lang='lat' dir='ltr'>substan-</span> 
     </span>
     <span class='ocr_line' id='line_1_15' title="bbox 299 1891 1341 1978; baseline 0.005 -21"><span class='ocrx_word' id='word_1_104' title='bbox 299 1897 369 1959; x_wconf 86' lang='lat' dir='ltr'>tiam</span> <span class='ocrx_word' id='word_1_105' title='bbox 391 1893 450 1956; x_wconf 91' lang='lat' dir='ltr'>hoc</span> <span class='ocrx_word' id='word_1_106' title='bbox 470 1892 517 1954; x_wconf 89' lang='lat' dir='ltr'>vel</span> <span class='ocrx_word' id='word_1_107' title='bbox 540 1891 612 1956; x_wconf 88' lang='lat' dir='ltr'>illud</span> <span class='ocrx_word' id='word_1_108' title='bbox 634 1908 749 1970; x_wconf 90' lang='lat' dir='ltr'>eorum,</span> <span class='ocrx_word' id='word_1_109' title='bbox 773 1909 850 1972; x_wconf 86' lang='lat' dir='ltr'>quae</span> <span class='ocrx_word' id='word_1_110' title='bbox 869 1893 957 1971; x_wconf 85' lang='lat' dir='ltr'>sunt&#39;,</span> <span class='ocrx_word' id='word_1_111' title='bbox 976 1894 1056 1958; x_wconf 89' lang='lat' dir='ltr'>velut</span> <span class='ocrx_word' id='word_1_112' title='bbox 1077 1899 1256 1978; x_wconf 87' lang='lat' dir='ltr'>essentiam,</span> <span class='ocrx_word' id='word_1_113' title='bbox 1277 1899 1341 1962; x_wconf 91' lang='lat' dir='ltr'>ho-</span> 
     </span>
     <span class='ocr_line' id='line_1_16' title="bbox 301 1991 1339 2073; baseline 0 -16"><span class='ocrx_word' id='word_1_114' title='bbox 301 1996 443 2068; x_wconf 85' lang='lat' dir='ltr'>nitatem,</span> <span class='ocrx_word' id='word_1_115' title='bbox 466 1993 580 2072; x_wconf 89' lang='lat' dir='ltr'>solem,</span> <span class='ocrx_word' id='word_1_116' title='bbox 601 1991 732 2072; x_wconf 91' lang='lat' dir='ltr'>stellam,</span> <span class='ocrx_word' id='word_1_117' title='bbox 754 2011 879 2073; x_wconf 85' lang='lat' dir='ltr'>aquarn,</span> <span class='ocrx_word' id='word_1_118' title='bbox 904 1993 1041 2072; x_wconf 87' lang='lat' dir='ltr'>leonem,</span> <span class='ocrx_word' id='word_1_119' title='bbox 1062 2013 1161 2057; x_wconf 90' lang='lat' dir='ltr'>ursum</span> <span class='ocrx_word' id='word_1_120' title='bbox 1183 2004 1242 2060; x_wconf 90' lang='lat' dir='ltr'>etc.</span> <span class='ocrx_word' id='word_1_121' title='bbox 1284 1999 1339 2060; x_wconf 81' lang='lat' dir='ltr'>vr.</span> 
     </span>
     <span class='ocr_line' id='line_1_17' title="bbox 301 2094 1339 2172; baseline 0.004 -15"><span class='ocrx_word' id='word_1_122' title='bbox 301 2097 409 2158; x_wconf 92' lang='lat' dir='ltr'>dentur</span> <span class='ocrx_word' id='word_1_123' title='bbox 439 2094 516 2156; x_wconf 87' lang='lat' dir='ltr'>haec</span> <span class='ocrx_word' id='word_1_124' title='bbox 537 2109 606 2156; x_wconf 85' lang='lat' dir='ltr'>asse</span> <span class='ocrx_word' id='word_1_125' title='bbox 628 2094 707 2156; x_wconf 88' lang='lat' dir='ltr'>inter</span> <span class='ocrx_word' id='word_1_126' title='bbox 728 2111 763 2156; x_wconf 90' lang='lat' dir='ltr'>se</span> <span class='ocrx_word' id='word_1_127' title='bbox 784 2096 952 2172; x_wconf 73' lang='lat' dir='ltr'>conantia,</span> <span class='ocrx_word' id='word_1_128' title='bbox 974 2094 1044 2172; x_wconf 89' lang='lat' dir='ltr'>sed,</span> <span class='ocrx_word' id='word_1_129' title='bbox 1065 2114 1132 2158; x_wconf 90' lang='lat' dir='ltr'>curn</span> <span class='ocrx_word' id='word_1_130' title='bbox 1154 2097 1234 2160; x_wconf 89' lang='lat' dir='ltr'>circa</span> <span class='ocrx_word' id='word_1_131' title='bbox 1256 2098 1339 2162; x_wconf 85' lang='lat' dir='ltr'>divi·</span> 
     </span>
     <span class='ocr_line' id='line_1_18' title="bbox 301 2194 1340 2280; baseline 0.002 -22"><span class='ocrx_word' id='word_1_132' title='bbox 301 2215 369 2258; x_wconf 88' lang='lat' dir='ltr'>nam</span> <span class='ocrx_word' id='word_1_133' title='bbox 390 2200 547 2256; x_wconf 87' lang='lat' dir='ltr'>versentur</span> <span class='ocrx_word' id='word_1_134' title='bbox 569 2194 784 2273; x_wconf 85' lang='lat' dir='ltr'>substantiam,</span> <span class='ocrx_word' id='word_1_135' title='bbox 820 2195 940 2256; x_wconf 90' lang='lat' dir='ltr'>omnino</span> <span class='ocrx_word' id='word_1_136' title='bbox 963 2197 1162 2260; x_wconf 88' lang='lat' dir='ltr'>consentiunt.</span> <span class='ocrx_word' id='word_1_137' title='bbox 1203 2198 1340 2280; x_wconf 86' lang='lat' dir='ltr'>Namque</span> 
     </span>
     <span class='ocr_line' id='line_1_19' title="bbox 299 2291 1340 2380; baseline 0.005 -23"><span class='ocrx_word' id='word_1_138' title='bbox 299 2291 498 2380; x_wconf 74' lang='grc' dir='ltr'><strong><em>καταφατικὴ</em></strong></span> <span class='ocrx_word' id='word_1_139' title='bbox 521 2311 581 2356; x_wconf 89' lang='lat' dir='ltr'>non</span> <span class='ocrx_word' id='word_1_140' title='bbox 599 2295 649 2372; x_wconf 87' lang='lat' dir='ltr'>ait,</span> <span class='ocrx_word' id='word_1_141' title='bbox 672 2294 802 2356; x_wconf 86' lang='lat' dir='ltr'>divinam</span> <span class='ocrx_word' id='word_1_142' title='bbox 826 2295 1019 2358; x_wconf 91' lang='lat' dir='ltr'>substantiam</span> <span class='ocrx_word' id='word_1_143' title='bbox 1033 2313 1101 2359; x_wconf 89' lang='lat' dir='ltr'>essa</span> <span class='ocrx_word' id='word_1_144' title='bbox 1125 2297 1195 2360; x_wconf 91' lang='lat' dir='ltr'>illud</span> <span class='ocrx_word' id='word_1_145' title='bbox 1217 2299 1340 2379; x_wconf 87' lang='lat' dir='ltr'>proprio</span> 
     </span>
     <span class='ocr_line' id='line_1_20' title="bbox 300 2393 1338 2481; baseline 0.005 -23"><span class='ocrx_word' id='word_1_146' title='bbox 300 2394 353 2458; x_wconf 90' lang='lat' dir='ltr'>sed</span> <span class='ocrx_word' id='word_1_147' title='bbox 375 2404 445 2474; x_wconf 84' lang='lat' dir='ltr'>(per</span> <span class='ocrx_word' id='word_1_148' title='bbox 466 2393 679 2473; x_wconf 83' lang='lat' dir='ltr'>llletoplroram)</span> <span class='ocrx_word' id='word_1_149' title='bbox 702 2395 742 2455; x_wconf 86' lang='lat' dir='ltr'>ita</span> <span class='ocrx_word' id='word_1_150' title='bbox 767 2411 858 2474; x_wconf 89' lang='lat' dir='ltr'>posse</span> <span class='ocrx_word' id='word_1_151' title='bbox 880 2394 1035 2476; x_wconf 88' lang='lat' dir='ltr'>appellart;</span> <span class='ocrx_word' id='word_1_152' title='bbox 1060 2397 1241 2481; x_wconf 72' lang='grc' dir='ltr'><em>αἠοφατικὴ</em></span> <span class='ocrx_word' id='word_1_153' title='bbox 1262 2417 1338 2464; x_wconf 86' lang='lat' dir='ltr'>vero</span> 
     </span>
     <span class='ocr_line' id='line_1_21' title="bbox 302 2493 1339 2580; baseline 0.008 -24"><span class='ocrx_word' id='word_1_154' title='bbox 302 2494 475 2573; x_wconf 88' lang='lat' dir='ltr'>contendit,</span> <span class='ocrx_word' id='word_1_155' title='bbox 508 2495 705 2558; x_wconf 84' lang='lat' dir='ltr'>substantiam</span> <span class='ocrx_word' id='word_1_156' title='bbox 736 2494 865 2557; x_wconf 88' lang='lat' dir='ltr'>divinam</span> <span class='ocrx_word' id='word_1_157' title='bbox 893 2515 952 2558; x_wconf 90' lang='lat' dir='ltr'>nec</span> <span class='ocrx_word' id='word_1_158' title='bbox 988 2517 1059 2560; x_wconf 85' lang='lat' dir='ltr'>uere</span> <span class='ocrx_word' id='word_1_159' title='bbox 1082 2497 1153 2561; x_wconf 91' lang='lat' dir='ltr'>illud</span> <span class='ocrx_word' id='word_1_160' title='bbox 1176 2518 1256 2580; x_wconf 89' lang='lat' dir='ltr'>csse,</span> <span class='ocrx_word' id='word_1_161' title='bbox 1279 2493 1339 2564; x_wconf 84' lang='lat' dir='ltr'>neo</span> 
     </span>
     <span class='ocr_line' id='line_1_22' title="bbox 299 2595 619 2679; baseline -0.009 -19"><span class='ocrx_word' id='word_1_162' title='bbox 299 2599 420 2679; x_wconf 90' lang='lat' dir='ltr'>proprie</span> <span class='ocrx_word' id='word_1_163' title='bbox 443 2599 484 2658; x_wconf 89' lang='lat' dir='ltr'>ita</span> <span class='ocrx_word' id='word_1_164' title='bbox 505 2595 619 2658; x_wconf 79' lang='lat' dir='ltr'>uocari.</span> 
     </span>
    </p>

    <p class='ocr_par' dir='ltr' id='par_1_5' title="bbox 220 2693 1371 3388">
     <span class='ocr_line' id='line_1_23' title="bbox 383 2693 1338 2783; baseline 0.009 -27"><span class='ocrx_word' id='word_1_165' title='bbox 383 2695 464 2768; x_wconf 83' lang='lat' dir='ltr'>Quas</span> <span class='ocrx_word' id='word_1_166' title='bbox 496 2695 615 2776; x_wconf 90' lang='lat' dir='ltr'>quidem</span> <span class='ocrx_word' id='word_1_167' title='bbox 647 2693 815 2778; x_wconf 81' lang='lat' dir='ltr'>theologias</span> <span class='ocrx_word' id='word_1_168' title='bbox 852 2697 1049 2778; x_wconf 88' lang='lat' dir='ltr'>pulcherrime</span> <span class='ocrx_word' id='word_1_169' title='bbox 1081 2718 1098 2762; x_wconf 91' lang='lat' dir='ltr'>a</span> <span class='ocrx_word' id='word_1_170' title='bbox 1131 2701 1159 2764; x_wconf 89' lang='lat' dir='ltr'>S.</span> <span class='ocrx_word' id='word_1_171' title='bbox 1189 2702 1338 2783; x_wconf 81' lang='lat' dir='ltr'>Dionysio</span> 
     </span>
     <span class='ocr_line' id='line_1_24' title="bbox 303 2795 1337 2884; baseline 0.005 -25"><span class='ocrx_word' id='word_1_172' title='bbox 303 2798 486 2878; x_wconf 83' lang='lat' dir='ltr'>Areopagita</span> <span class='ocrx_word' id='word_1_173' title='bbox 509 2795 567 2859; x_wconf 86' lang='lat' dir='ltr'>sihi</span> <span class='ocrx_word' id='word_1_174' title='bbox 604 2795 818 2876; x_wconf 87' lang='lat' dir='ltr'>suppeditatas,</span> <span class='ocrx_word' id='word_1_175' title='bbox 838 2797 969 2880; x_wconf 90' lang='lat' dir='ltr'>Erigena</span> <span class='ocrx_word' id='word_1_176' title='bbox 990 2801 1193 2864; x_wconf 88' lang='lat' dir='ltr'>immortaliter</span> <span class='ocrx_word' id='word_1_177' title='bbox 1214 2803 1337 2884; x_wconf 75' lang='lat' dir='ltr'>gaudee</span> 
     </span>
     <span class='ocr_line' id='line_1_25' title="bbox 220 2893 1337 2982; baseline 0.009 -25"><span class='ocrx_word' id='word_1_178' title='bbox 220 2965 222 2970; x_wconf 51' lang='grc'>,</span> <span class='ocrx_word' id='word_1_179' title='bbox 299 2897 339 2974; x_wconf 83' lang='grc' dir='ltr'>(Ι,</span> <span class='ocrx_word' id='word_1_180' title='bbox 362 2893 408 2976; x_wconf 79' lang='grc'>14,</span> <span class='ocrx_word' id='word_1_181' title='bbox 432 2895 479 2974; x_wconf 83' lang='grc'>16,</span> <span class='ocrx_word' id='word_1_182' title='bbox 501 2898 540 2960; x_wconf 87' lang='grc'>78</span> <span class='ocrx_word' id='word_1_183' title='bbox 563 2904 619 2960; x_wconf 89' lang='lat' dir='ltr'>cet.</span> <span class='ocrx_word' id='word_1_184' title='bbox 642 2905 699 2960; x_wconf 84' lang='lat' dir='ltr'>cet</span> <span class='ocrx_word' id='word_1_185' title='bbox 722 2897 818 2966; x_wconf 78' lang='lat' dir='ltr'>Praei.</span> <span class='ocrx_word' id='word_1_186' title='bbox 841 2899 1010 2964; x_wconf 85' lang='lat' dir='ltr'>adhlaximi</span> <span class='ocrx_word' id='word_1_187' title='bbox 1032 2903 1170 2982; x_wconf 89' lang='lat' dir='ltr'>ambigua</span> <span class='ocrx_word' id='word_1_188' title='bbox 1193 2941 1230 2952; x_wconf 90' lang='lat'>-</span> <span class='ocrx_word' id='word_1_189' title='bbox 1253 2903 1337 2967; x_wconf 90' lang='lat' dir='ltr'>Gale.</span> 
     </span>
     <span class='ocr_line' id='line_1_26' title="bbox 300 2997 1338 3084; baseline 0.007 -24"><span class='ocrx_word' id='word_1_190' title='bbox 300 3016 366 3079; x_wconf 86' lang='lat' dir='ltr'>app.</span> <span class='ocrx_word' id='word_1_191' title='bbox 395 3016 423 3079; x_wconf 94' lang='lat' dir='ltr'>p.</span> <span class='ocrx_word' id='word_1_192' title='bbox 447 2997 505 3073; x_wconf 73' lang='lat' dir='ltr'>lli.)</span> <span class='ocrx_word' id='word_1_193' title='bbox 560 2998 664 3079; x_wconf 87' lang='lat' dir='ltr'>Longa</span> <span class='ocrx_word' id='word_1_194' title='bbox 696 3005 793 3062; x_wconf 88' lang='lat' dir='ltr'>autem</span> <span class='ocrx_word' id='word_1_195' title='bbox 830 3002 967 3064; x_wconf 90' lang='lat' dir='ltr'>oratione</span> <span class='ocrx_word' id='word_1_196' title='bbox 993 3004 1198 3084; x_wconf 82' lang='lat' dir='ltr'>persequitur,</span> <span class='ocrx_word' id='word_1_197' title='bbox 1228 3003 1338 3067; x_wconf 88' lang='lat' dir='ltr'>nullam</span> 
     </span>
     <span class='ocr_line' id='line_1_27' title="bbox 302 3097 1337 3184; baseline 0.008 -24"><span class='ocrx_word' id='word_1_198' title='bbox 302 3117 371 3161; x_wconf 87' lang='lat' dir='ltr'>esse</span> <span class='ocrx_word' id='word_1_199' title='bbox 392 3097 470 3161; x_wconf 91' lang='lat' dir='ltr'>inter</span> <span class='ocrx_word' id='word_1_200' title='bbox 488 3100 594 3160; x_wconf 89' lang='lat' dir='ltr'>decem</span> <span class='ocrx_word' id='word_1_201' title='bbox 621 3099 687 3160; x_wconf 88' lang='lat' dir='ltr'>illas</span> <span class='ocrx_word' id='word_1_202' title='bbox 721 3101 892 3182; x_wconf 82' lang='lat' dir='ltr'>categorias</span> <span class='ocrx_word' id='word_1_203' title='bbox 915 3101 1132 3180; x_wconf 87' lang='lat' dir='ltr'>Aristotelicas,</span> <span class='ocrx_word' id='word_1_204' title='bbox 1155 3121 1242 3184; x_wconf 90' lang='lat' dir='ltr'>quarn</span> <span class='ocrx_word' id='word_1_205' title='bbox 1262 3121 1337 3168; x_wconf 81' lang='lat' dir='ltr'>vere</span> 
     </span>
     <span class='ocr_line' id='line_1_28' title="bbox 302 3199 1337 3285; baseline 0.005 -23"><span class='ocrx_word' id='word_1_206' title='bbox 302 3219 338 3262; x_wconf 85' lang='lat' dir='ltr'>ao</span> <span class='ocrx_word' id='word_1_207' title='bbox 360 3200 478 3281; x_wconf 91' lang='lat' dir='ltr'>proprie</span> <span class='ocrx_word' id='word_1_208' title='bbox 502 3200 540 3261; x_wconf 92' lang='lat' dir='ltr'>de</span> <span class='ocrx_word' id='word_1_209' title='bbox 561 3199 618 3262; x_wconf 92' lang='lat' dir='ltr'>deo</span> <span class='ocrx_word' id='word_1_210' title='bbox 639 3202 738 3280; x_wconf 90' lang='lat' dir='ltr'>possis</span> <span class='ocrx_word' id='word_1_211' title='bbox 761 3201 958 3281; x_wconf 86' lang='lat' dir='ltr'>praedicare:</span> <span class='ocrx_word' id='word_1_212' title='bbox 982 3202 1068 3265; x_wconf 87' lang='lat' dir='ltr'>simul</span> <span class='ocrx_word' id='word_1_213' title='bbox 1091 3203 1196 3266; x_wconf 91' lang='lat' dir='ltr'>harum</span> <span class='ocrx_word' id='word_1_214' title='bbox 1208 3204 1337 3285; x_wconf 86' lang='lat' dir='ltr'>aliquam</span> 
     </span>
     <span class='ocr_line' id='line_1_29' title="bbox 300 3298 1371 3388; baseline 0.004 -26"><span class='ocrx_word' id='word_1_215' title='bbox 300 3300 338 3362; x_wconf 93' lang='lat' dir='ltr'>dc</span> <span class='ocrx_word' id='word_1_216' title='bbox 367 3301 433 3380; x_wconf 87' lang='lat' dir='ltr'>ipso</span> <span class='ocrx_word' id='word_1_217' title='bbox 475 3299 667 3362; x_wconf 84' lang='lat' dir='ltr'>affirmaverit</span> <span class='ocrx_word' id='word_1_218' title='bbox 702 3298 924 3386; x_wconf 73' lang='grc' dir='ltr'><strong><em>καταφατική,</em></strong></span> <span class='ocrx_word' id='word_1_219' title='bbox 953 3305 1096 3366; x_wconf 89' lang='lat' dir='ltr'>continuo</span> <span class='ocrx_word' id='word_1_220' title='bbox 1128 3323 1195 3366; x_wconf 90' lang='lat' dir='ltr'>eam</span> <span class='ocrx_word' id='word_1_221' title='bbox 1228 3306 1336 3388; x_wconf 85' lang='lat' dir='ltr'>negari</span> <span class='ocrx_word' id='word_1_222' title='bbox 1367 3306 1371 3316; x_wconf 91' lang='lat'>&#39;</span> 
     </span>
    </p>

    <p class='ocr_par' dir='ltr' id='par_1_6' title="bbox 300 3399 728 3486">
     <span class='ocr_line' id='line_1_30' title="bbox 300 3399 728 3486; baseline 0.002 -24"><span class='ocrx_word' id='word_1_223' title='bbox 300 3399 492 3486; x_wconf 76' lang='grc' dir='ltr'><strong><em>αἠοφατικῇ.</em></strong></span> <span class='ocrx_word' id='word_1_224' title='bbox 517 3401 556 3481; x_wconf 84' lang='lat' dir='ltr'>(l,</span> <span class='ocrx_word' id='word_1_225' title='bbox 580 3399 728 3477; x_wconf 77' lang='lat'>17-80.)</span> 
     </span>
    </p>
   </div>
   <div class='ocr_carea' id='block_1_5' title="bbox 297 3551 598 3566">
    <p class='ocr_par' dir='ltr' id='par_1_7' title="bbox 297 3551 598 3566">
     <span class='ocr_line' id='line_1_31' title="bbox 297 3551 598 3566; baseline -0.007 0"><span class='ocrx_word' id='word_1_226' title='bbox 297 3551 356 3566; x_wconf 58' lang='lat' dir='ltr'>b·-</span> <span class='ocrx_word' id='word_1_227' title='bbox 555 3557 598 3564; x_wconf 66' lang='grc' dir='ltr'>ο-ι</span> 
     </span>
    </p>
   </div>
   <div class='ocr_carea' id='block_1_6' title="bbox 304 3639 1335 4150">
    <p class='ocr_par' dir='ltr' id='par_1_8' title="bbox 396 3639 1333 3798">
     <span class='ocr_line' id='line_1_32' title="bbox 396 3639 1333 3711; baseline 0.001 -20"><span class='ocrx_word' id='word_1_228' title='bbox 396 3639 476 3691; x_wconf 82' lang='lat' dir='ltr'>etiarn</span> <span class='ocrx_word' id='word_1_229' title='bbox 495 3639 554 3702; x_wconf 80' lang='lat' dir='ltr'>hoc,</span> <span class='ocrx_word' id='word_1_230' title='bbox 572 3657 607 3692; x_wconf 85' lang='lat' dir='ltr'>ns</span> <span class='ocrx_word' id='word_1_231' title='bbox 626 3641 686 3711; x_wconf 83' lang='lat' dir='ltr'>quis</span> <span class='ocrx_word' id='word_1_232' title='bbox 707 3649 802 3710; x_wconf 82' lang='lat' dir='ltr'>putet,</span> <span class='ocrx_word' id='word_1_233' title='bbox 820 3641 918 3691; x_wconf 76' lang='lat' dir='ltr'>atilium</span> <span class='ocrx_word' id='word_1_234' title='bbox 941 3642 1108 3693; x_wconf 74' lang='lat' dir='ltr'>execrantia</span> <span class='ocrx_word' id='word_1_235' title='bbox 1129 3643 1211 3711; x_wconf 81' lang='lat' dir='ltr'>patris</span> <span class='ocrx_word' id='word_1_236' title='bbox 1229 3649 1333 3704; x_wconf 85' lang='lat' dir='ltr'>natum,</span> 
     </span>
     <span class='ocr_line' id='line_1_33' title="bbox 398 3727 1332 3798; baseline 0.003 -22"><span class='ocrx_word' id='word_1_237' title='bbox 398 3735 445 3778; x_wconf 85' lang='lat' dir='ltr'>aut</span> <span class='ocrx_word' id='word_1_238' title='bbox 472 3727 594 3797; x_wconf 80' lang='lat' dir='ltr'>spiritum</span> <span class='ocrx_word' id='word_1_239' title='bbox 623 3737 744 3780; x_wconf 82' lang='lat' dir='ltr'>sanctum</span> <span class='ocrx_word' id='word_1_240' title='bbox 763 3745 795 3778; x_wconf 78' lang='lat' dir='ltr'>es</span> <span class='ocrx_word' id='word_1_241' title='bbox 814 3729 928 3779; x_wconf 81' lang='lat' dir='ltr'>essentia</span> <span class='ocrx_word' id='word_1_242' title='bbox 946 3729 1028 3797; x_wconf 80' lang='lat' dir='ltr'>patris</span> <span class='ocrx_word' id='word_1_243' title='bbox 1048 3727 1203 3798; x_wconf 81' lang='lat' dir='ltr'>procedere,</span> <span class='ocrx_word' id='word_1_244' title='bbox 1222 3743 1280 3778; x_wconf 87' lang='lat' dir='ltr'>curn</span> <span class='ocrx_word' id='word_1_245' title='bbox 1300 3746 1332 3779; x_wconf 85' lang='lat' dir='ltr'>ex</span> 
     </span>
    </p>

    <p class='ocr_par' dir='ltr' id='par_1_9' title="bbox 304 3815 1335 4150">
     <span class='ocr_line' id='line_1_34' title="bbox 304 3815 1334 3885; baseline -0.003 -16"><span class='ocrx_word' id='word_1_246' title='bbox 304 3864 307 3869; x_wconf 94' lang='lat'>.</span> <span class='ocrx_word' id='word_1_247' title='bbox 395 3831 509 3885; x_wconf 85' lang='lat' dir='ltr'>persona</span> <span class='ocrx_word' id='word_1_248' title='bbox 535 3815 617 3884; x_wconf 83' lang='lat' dir='ltr'>patris</span> <span class='ocrx_word' id='word_1_249' title='bbox 639 3824 716 3868; x_wconf 86' lang='lat' dir='ltr'>natus</span> <span class='ocrx_word' id='word_1_250' title='bbox 737 3816 772 3867; x_wconf 90' lang='lat' dir='ltr'>sit</span> <span class='ocrx_word' id='word_1_251' title='bbox 790 3815 879 3878; x_wconf 86' lang='lat' dir='ltr'>lilius,</span> <span class='ocrx_word' id='word_1_252' title='bbox 910 3831 943 3866; x_wconf 80' lang='lat' dir='ltr'>ex</span> <span class='ocrx_word' id='word_1_253' title='bbox 970 3831 1082 3884; x_wconf 81' lang='lat' dir='ltr'>persons</span> <span class='ocrx_word' id='word_1_254' title='bbox 1101 3817 1185 3884; x_wconf 85' lang='lat' dir='ltr'>patris</span> <span class='ocrx_word' id='word_1_255' title='bbox 1206 3817 1334 3884; x_wconf 81' lang='lat' dir='ltr'>procedat</span> 
     </span>
     <span class='ocr_line' id='line_1_35' title="bbox 395 3903 1334 3972; baseline 0 -20"><span class='ocrx_word' id='word_1_256' title='bbox 395 3903 516 3972; x_wconf 78' lang='lat' dir='ltr'>spriritus</span> <span class='ocrx_word' id='word_1_257' title='bbox 535 3911 657 3954; x_wconf 84' lang='lat' dir='ltr'>sanctus:</span> <span class='ocrx_word' id='word_1_258' title='bbox 676 3903 729 3956; x_wconf 81' lang='lat' dir='ltr'>dici</span> <span class='ocrx_word' id='word_1_259' title='bbox 750 3903 830 3964; x_wconf 86' lang='lat' dir='ltr'>enim,</span> <span class='ocrx_word' id='word_1_260' title='bbox 852 3919 884 3954; x_wconf 85' lang='lat' dir='ltr'>ex</span> <span class='ocrx_word' id='word_1_261' title='bbox 903 3911 979 3971; x_wconf 82' lang='lat' dir='ltr'>petra</span> <span class='ocrx_word' id='word_1_262' title='bbox 996 3911 1088 3954; x_wconf 79' lang='lat' dir='ltr'>natum</span> <span class='ocrx_word' id='word_1_263' title='bbox 1101 3903 1195 3965; x_wconf 87' lang='lat' dir='ltr'>lilium,</span> <span class='ocrx_word' id='word_1_264' title='bbox 1215 3919 1245 3952; x_wconf 84' lang='lat' dir='ltr'>er</span> <span class='ocrx_word' id='word_1_265' title='bbox 1256 3911 1334 3970; x_wconf 79' lang='lat' dir='ltr'>patra</span> 
     </span>
     <span class='ocr_line' id='line_1_36' title="bbox 396 3987 1335 4060; baseline 0 -21"><span class='ocrx_word' id='word_1_266' title='bbox 396 3987 542 4058; x_wconf 86' lang='lat' dir='ltr'>procedere</span> <span class='ocrx_word' id='word_1_267' title='bbox 561 3991 691 4058; x_wconf 85' lang='lat' dir='ltr'>spiritum,</span> <span class='ocrx_word' id='word_1_268' title='bbox 711 4007 799 4060; x_wconf 85' lang='lat' dir='ltr'>neque</span> <span class='ocrx_word' id='word_1_269' title='bbox 817 3989 1091 4042; x_wconf 81' lang='lat' dir='ltr'>tamensubstuntinm</span> <span class='ocrx_word' id='word_1_270' title='bbox 1106 3989 1153 4042; x_wconf 86' lang='lat' dir='ltr'>sed</span> <span class='ocrx_word' id='word_1_271' title='bbox 1171 3989 1257 4041; x_wconf 87' lang='lat' dir='ltr'>solnm</span> <span class='ocrx_word' id='word_1_272' title='bbox 1272 4003 1335 4060; x_wconf 85' lang='lat' dir='ltr'>par-</span> 
     </span>
     <span class='ocr_line' id='line_1_37' title="bbox 403 4075 1036 4150; baseline 0 -21"><span class='ocrx_word' id='word_1_273' title='bbox 403 4093 494 4130; x_wconf 84' lang='lat' dir='ltr'>sonam</span> <span class='ocrx_word' id='word_1_274' title='bbox 513 4078 585 4147; x_wconf 81' lang='lat' dir='ltr'>patri</span> <span class='ocrx_word' id='word_1_275' title='bbox 604 4093 661 4130; x_wconf 88' lang='lat' dir='ltr'>esse</span> <span class='ocrx_word' id='word_1_276' title='bbox 678 4079 839 4149; x_wconf 72' lang='lat' dir='ltr'>propriorum</span> <span class='ocrx_word' id='word_1_277' title='bbox 859 4079 906 4147; x_wconf 90' lang='lat' dir='ltr'>(ll,</span> <span class='ocrx_word' id='word_1_278' title='bbox 927 4075 983 4150; x_wconf 66' lang='lat'>34.)</span> <span class='ocrx_word' id='word_1_279' title='bbox 1003 4107 1036 4120; x_wconf 91' lang='lat'><em>-</em></span> 
     </span>
    </p>
   </div>
   <div class='ocr_carea' id='block_1_7' title="bbox 0 0 1474 4716">
    <p class='ocr_par' dir='ltr' id='par_1_10' title="bbox 0 0 1474 4716">
     <span class='ocr_line' id='line_1_38' title="bbox 0 0 1474 4716; baseline 0 0"><span class='ocrx_word' id='word_1_280' title='bbox 0 0 1474 4716; x_wconf 95' lang='lat' dir='ltr'> </span> 
     </span>
    </p>
   </div>
  </div>
 </body>
</html>
