2938 4716
1114 371 1155 440 dd

119 545 222 627 scripta
244 553 289 610 est
311 546 365 629 ,X.
387 548 449 614 Cal.
472 546 601 631 Apriles,
622 546 786 612 indictione
811 544 902 630 l'lll,t
924 550 976 632 qui
994 559 1040 616 ost
1062 573 1158 622 annus

120 647 329 714 DCCGLXXV.

195 747 331 813 Certiora
353 749 441 813 huius
461 751 506 812 rei
528 750 638 812 indicia
661 748 699 811 ad
721 758 852 814 nostram
867 758 994 816 aetatem
1011 771 1072 818 non
1090 775 1160 837 per·

118 857 270 912 uenerunt.
314 849 416 930 Neque
438 850 497 913 ullo
520 852 712 926 testimonio,
742 854 790 913 cui
820 852 939 932 quidem
963 857 1029 916 sine
1050 861 1162 920 erroris

119 949 248 1027 periculo
270 949 397 1011 credere
420 951 587 1030 possimus,
622 952 701 1012 inter
731 967 830 1014 rerum
864 959 1005 1014 auctores
1035 955 1083 1018 uel
1105 958 1164 1020 ltoc

121 1057 260 1114 constare
281 1049 438 1129 reperitur,
464 1051 614 1130 puolooo
638 1049 768 1130 lingona
791 1053 879 1114 vitam
899 1056 1044 1132 posuerit,
1073 1073 1166 1136 prue-

122 1157 252 1232 terquam
274 1149 355 1229 quod
375 1149 562 1214 mabillonius
583 1151 747 1230 ,videtur,“
769 1153 819 1230 ait,
842 1154 1036 1232 ,in-Francia
1056 1173 1166 1238 perse-

59 1303 60 1308 ,
123 1257 273 1314 temese!
297 1283 339 1298 --

201 1353 276 1414 Sunt
300 1349 419 1430 quidem
441 1351 489 1428 qui
518 1351 638 1413 Scotum
668 1351 777 1414 diutius
805 1351 941 1430 uixisse,
969 1360 1058 1435 atquo
1089 1356 1168 1419 adeo

124 1452 243 1514 circiter
266 1467 374 1512 annum
396 1449 611 1512 BCCCLXXX.
638 1451 676 1512 ab
699 1449 824 1514 Allredo
847 1452 956 1533 llagno
978 1456 1007 1516 in
1029 1455 1168 1536 Angliam

126 1553 301 1614 accersitum
323 1569 392 1612 esse
414 1551 608 1628 contendant,
638 1551 694 1612 sed
719 1569 823 1614 eorum
844 1569 935 1616 causa
964 1556 1010 1617 sic
1033 1557 1169 1635 prolecto

125 1659 170 1714 est
190 1659 374 1732 comparata,
394 1651 502 1714 nullam
518 1658 551 1713 ut
573 1653 611 1715 iis
631 1649 719 1714 fidem
739 1651 854 1715 habero
874 1671 977 1734 queas.
1000 1655 1087 1728 Quod
1101 1672 1172 1720 mox

126 1752 303 1814 videbimus.

206 1853 293 1915 Plura
317 1853 438 1914 omnino
454 1850 558 1915 loanni
578 1857 683 1913 nostro
706 1853 817 1932 scripta
838 1851 1028 1916 tribuuntur:
1048 1869 1172 1936 quorum

127 1957 241 2035 partlm,
263 1959 364 2033 utpote
385 1953 491 2034 quibus
514 1958 614 2014 certus
635 1951 754 2031 quidam
774 1951 860 2014 locus
882 1952 1036 2014 videretur
1057 1973 1175 2016 conve·
1234 1957 1237 1964 '

128 2058 203 2128 ntro,
225 2072 265 2115 eo
287 2055 345 2114 ianr
366 2055 449 2129 satis,
473 2054 640 2133 opinamur,
671 2054 795 2133 copiose
813 2051 1034 2132 descripsimus,
1068 2055 1174 2133 partim

130 2155 225 2233 inira,
259 2172 326 2216 cum
348 2154 421 2216 nihil
443 2154 531 2235 plane
553 2153 591 2214 de
615 2154 653 2214 lis
674 2153 838 2216 memoriae
859 2153 898 2214 sit
919 2152 1086 2233 proditum,
1119 2154 1178 2216 nisi

130 2253 188 2318 luoc
212 2257 318 2336 ipsura,
338 2251 496 2336 Erigonam
518 2271 589 2316 esse
610 2271 715 2316 eorum
737 2261 902 2332 auctorem,
923 2251 1066 2334 peculiari
1079 2255 1178 2334 capite

130 2373 294 2418 recensere
318 2355 496 2416 inanimum
519 2353 699 2418 induximus.

213 2455 364 2529 Quoniam
384 2461 481 2516 autem
502 2453 671 2516 hominibus
693 2460 723 2516 et
741 2453 865 2533 ingenio
886 2459 917 2515 et
933 2452 1069 2516 doctrina
1088 2469 1178 2534 prae.
1296 2492 1304 2504 ,

132 2556 279 2616 stantibus
299 2553 425 2616 solenne
447 2560 502 2630 est,
535 2559 578 2628 ul,
601 2554 651 2634 qui
674 2570 777 2616 eurum
798 2549 983 2632 disciplinam
1005 2560 1179 2634 sequantur,

132 2654 274 2734 labeant,
297 2657 464 2735 complures
487 2655 666 2719 arbitramur
686 2655 877 2734 praecipuam
892 2652 1043 2735 Erigonae
1057 2670 1179 2735 operam

133 2754 257 2818 dedisse
279 2756 403 2836 eiusque
423 2762 591 2819 sectatores
613 2756 775 2832 exstitisse,
810 2756 986 2834 praesertim
1007 2771 1073 2817 curn
1097 2755 1182 2818 cele-

134 2855 284 2920 berrimae
306 2855 346 2917 illl
369 2856 510 2935 ,scholae
532 2855 697 2936 palatinaet
713 2854 879 2935 praefuisse
894 2854 1042 2918 credatur.
1067 2855 1182 2929 Quam-

136 2973 223 3036 quam
262 2957 313 3018 uin
342 2973 419 3019 unus
454 2973 557 3020 eorum
591 2957 764 3018 nominatim
794 2961 893 3036 potest
920 2955 1060 3037 prolerri.
1113 2955 1183 3018 Sola

137 3059 215 3119 enim
240 3056 364 3120 historia
387 3057 595 3138 episcoporum
607 3055 916 3120 Antissiodorensium
940 3055 1184 3138 quendamScoti

139 3155 313 3237 discipulum
347 3159 451 3236 novit,
489 3157 685 3220 llumbaldum
719 3156 988 3232 cameracensem
1023 3171 1110 3236 quem
1146 3155 1183 3218 ab

140 3258 236 3318 omnis
271 3255 428 3318 doctrinae
465 3258 614 3338 elegantia
654 3273 844 3336 summopore
881 3257 1055 3318 instructum
1092 3254 1185 3318 luisse

139 3357 292 3426 scribite).
333 3357 452 3419 Deinde
483 3356 542 3419 hoo
573 3356 644 3418 loco
677 3357 708 3420 id
737 3373 854 3438 quoque
887 3357 1029 3418 monitura
1051 3355 1186 3437 velimus,

141 3455 219 3536 quod
250 3454 358 3517 Scotus
394 3458 459 3536 ipse
493 3458 523 3518 in
555 3457 613 3519 ltne
639 3455 782 3520 librorum
802 3456 840 3519 de
861 3457 1014 3533 naturis⁹)
1036 3456 1187 3519 hominem

141 3555 317 3636 compellat,
348 3572 408 3636 quo
430 3563 529 3620 utatur
548 3557 795 3634 familiarissime,
825 3559 966 3638 cuiusque
990 3562 1020 3618 ει
1041 3555 1186 3617 exhorta.

142 3655 273 3717 tionibus
304 3662 334 3717 et
364 3655 496 3719 sollertia
518 3655 683 3738 illudopus
704 3656 873 3720 inchoatum
893 3675 928 3718 oc
948 3655 1114 3736 perlectum
1137 3655 1186 3713 sit.
1303 3675 1310 3684 ·

144 3753 238 3827 Quem
259 3761 356 3817 autem
379 3755 469 3834 dicat,
490 3757 623 3840 ignotum
644 3764 702 3822 est.
747 3757 849 3819 Petrus
869 3756 986 3822 Alixius
1007 3772 1073 3816 eum
1096 3751 1188 3815 luisse

146 3900 449 3922 ———·-——-

198 3984 950 4059 ffldstmGMLQRQMmpm-

198 4085 391 4155 mmm-
