2940 4710
654 277 656 282 ·
679 254 743 322 227

162 398 215 462 diu
232 400 295 462 Deo
315 385 456 485 adjutore
471 403 730 488 confirmavimus,
745 413 777 470 et
791 411 899 470 nostro
917 405 1026 490 Sigillo
1041 409 1256 494 praecepimus

160 508 315 588 latigniri,
335 517 372 572 ut
387 509 448 573 sibl
466 513 593 592 suisque
612 516 844 576 successoribus
860 514 992 578 valeat’'

531 619 649 700 (Epist.
664 621 808 682 Gerbertl
826 619 875 684 ed.
894 621 1043 701 Messon,
1058 643 1090 706 p.
1107 623 1169 704 73,
1182 621 1253 702 74.)

297 763 366 840 Vl.
393 761 460 841 Ex
481 765 648 842 Historia
664 764 910 866 depositionis
930 768 1122 872 Arnulphi.

250 913 573 998 chirographum
623 915 827 997 Arnulpbl
878 914 923 978 de
971 916 1052 980 side
1089 919 1257 1000 regibus

165 1024 383 1105 promissa.
409 1022 646 1097 (Duchesuc
669 1020 770 1082 nom.
788 1021 838 1085 lV.
855 1042 888 1105 p.
905 1024 999 1096 103.)
1034 1026 1122 1106 »Ego
1146 1025 1260 1091 Amn-

165 1128 248 1211 pbus
271 1132 372 1210 gratia
395 1130 453 1192 liei
476 1131 693 1212 praeveniente
719 1127 887 1190 Remorum
903 1129 1166 1214 Arcbieplscopus
1187 1151 1261 1214 pro-

165 1236 256 1296 mitto
270 1237 396 1318 regibus
408 1237 596 1300 Francorum
611 1235 736 1317 Hugoui
751 1240 783 1296 ct
798 1233 966 1314 liutberto,
988 1257 1036 1299 mc
1052 1237 1144 1300 iidem
1157 1240 1262 1320 puris-

167 1341 277 1403 slmum
303 1348 514 1420 servaturum,
534 1341 696 1404 consilium
723 1346 755 1404 et
787 1339 933 1405 auxilium
963 1344 1134 1406 secuudum
1159 1363 1261 1408 meum

168 1447 247 1510 scire
265 1453 297 1508 ct
314 1467 427 1530 posse,
446 1449 481 1510 iu
496 1449 638 1511 omnibus
654 1446 786 1529 negotiis
800 1451 1029 1529 praebiturum:
1050 1451 1192 1512 iuimicus
1210 1468 1262 1511 eo-

165 1570 233 1614 rum
256 1571 313 1616 uec
336 1553 466 1616 consilio
484 1573 541 1616 uec
563 1553 678 1616 auxilio
701 1553 741 1616 ad
757 1573 866 1618 corum
887 1556 1105 1620 infidelitatem
1128 1557 1263 1620 scienter

165 1658 354 1742 adjuturum.
388 1661 522 1722 Haecin
543 1665 710 1742 conspecto
729 1659 849 1726 dininas
865 1663 1043 1748 Maiestatis
1057 1667 1089 1724 et
1102 1665 1263 1726 beatorum

166 1765 341 1847 Spiritnuur
368 1771 401 1828 et
424 1768 521 1829 totius
542 1762 702 1829 Ecclesiae
726 1769 876 1832 assistens
907 1772 1078 1852 promitto,
1105 1787 1163 1850 pro
1185 1770 1264 1831 bene

124 1893 127 1899 ·
165 1874 296 1935 servatis
312 1871 434 1934 laturus
450 1875 586 1954 praemia
603 1880 745 1933 aeternae
758 1872 995 1938 benedictionis.
1025 1876 1061 1938 Si
1076 1875 1162 1953 uero,
1177 1869 1264 1954 quod

166 1974 237 2040 uolo
268 1983 300 2040 et
330 1979 412 2059 quod
435 1981 535 2058 absit,
557 1981 594 2040 ab
614 1977 664 2038 iris
684 1975 862 2060 deviavero,
884 1984 982 2044 οιιιιιΙι
1002 1979 1177 2044 benedictio
1194 1997 1264 2039 mea

168 2091 366 2147 convertatur
391 2087 425 2147 in
452 2083 717 2161 maledictionem,
739 2091 770 2146 ct
789 2087 865 2149 liant
883 2086 956 2150 dies
967 2090 1028 2150 mei
1040 2087 1133 2169 pauci
1147 2086 1177 2146 et
1190 2083 1266 2165 Epi-

167 2196 326 2272 scopatum
335 2211 436 2254 mcum
445 2193 578 2274 accipiat
585 2188 672 2253 alter.
696 2189 853 2256 lteccdaut
868 2215 886 2256 a
898 2214 945 2256 me
958 2196 1049 2256 amici
1065 2193 1127 2253 mei
1139 2193 1264 2270 sintque

167 2301 318 2379 perpetuo
336 2297 464 2360 inimici.
495 2298 577 2360 Huic
594 2317 649 2378 ego
666 2299 882 2382 chirographo
900 2319 919 2360 a
937 2319 986 2362 mc
1006 2298 1089 2362 edito
1122 2299 1155 2358 in
1173 2295 1265 2359 testi-

164 2404 302 2464 monium
327 2403 553 2466 benedictionis
576 2402 624 2465 vel
646 2403 873 2469 maledictionis
890 2423 976 2468 meac
999 2405 1179 2481 subscribo,
1199 2402 1263 2464 fra·

165 2517 293 2592 tresque
318 2517 351 2573 ct
375 2509 456 2574 tilios
478 2528 563 2574 meos
588 2515 624 2570 ut
645 2513 845 2575 subscribant
864 2533 951 2593 rogo.
990 2514 1058 2594 Ego
1081 2506 1265 2591 brunulphus

164 2617 429 2700 Arcblepiscopus
449 2615 653 2699 subscripsl.''
678 2617 742 2692 (rid
757 2627 821 2684 not
840 2619 872 2686 2.
886 2640 918 2702 p.
936 2617 1010 2694 81.)

249 2725 465 2788 Anatbema
496 2725 791 2806 Episcoporum
820 2729 993 2791 iureos.
1016 2723 1262 2802 (noeoeane

164 2829 268 2895 Tum.
289 2830 340 2894 iv.
363 2851 395 2914 p.
422 2829 509 2902 106.)
548 2829 740 2892 auctoritate
769 2834 993 2916 omnipotentis
1014 2834 1089 2910 Dei,
1110 2830 1211 2891 Patris
1227 2831 1259 2887 ct

161 2937 233 3000 Filii
249 2943 281 2999 et
297 2937 436 3020 Spiritus
453 2937 572 3015 sancti,
590 2939 811 3000 interveniente
824 2946 857 3002 et
871 2939 1034 3023 adjurante
1050 2939 1143 2998 beuta
1156 2932 1258 2994 illaria

164 3062 288 3128 semper
320 3043 449 3122 Virgine
470 3061 541 3104 cum
571 3046 714 3106 omuibus
743 3045 884 3108 Sanctis:
919 3045 1107 3108 auctoritato
1136 3055 1262 3121 quoquo

167 3167 203 3211 ac
225 3151 380 3232 potestate
404 3149 562 3231 Apostolls
577 3149 691 3214 tradita
707 3153 859 3232 uobisque
873 3149 998 3230 relicta,
1020 3146 1264 3213 excommunica·

165 3273 245 3333 nnus,
267 3255 575 3335 mathematicamus,
590 3255 779 3337 damnamus,
794 3264 826 3320 et
840 3281 861 3323 a
878 3257 1041 3320 liminibus
1055 3259 1179 3318 sanctae
1198 3266 1263 3310 rua-

166 3359 224 3422 tris
249 3359 410 3423 Ecclesiae
436 3381 638 3443 separamus,
666 3361 854 3446 Adalgcrunn
884 3365 1113 3439 Presblterum,
1146 3352 1264 3418 diaboli
1378 3411 1387 3426 ,

165 3467 352 3545 membrum,
366 3469 529 3550 Episcopi,
547 3468 631 3530 Cleri
646 3478 678 3530 et
700 3473 800 3533 totius
813 3470 926 3554 Populi
946 3469 1108 3532 Remensls
1127 3460 1262 3527 tradito-

159 3591 247 3648 rem
266 3591 320 3636 eoo
342 3593 476 3656 quoque,
489 3575 546 3654 qrri
559 3575 654 3659 nujus
676 3574 854 3640 traditionis
873 3578 1061 3642 exstiterunt
1078 3575 1258 3634 incentores

163 3678 490 3760 auctores,iactores,
502 3679 658 3754 lautores,
678 3687 916 3762 cooperatores,
933 3683 1106 3761 civiumque
1123 3675 1264 3758 depopu-

162 3781 276 3851 latores
287 3792 347 3848 eta
360 3787 499 3869 propriis
509 3786 651 3850 numnis
664 3807 767 3850 rerum
782 3807 909 3852 suarum
924 3789 981 3850 sub
1000 3787 1124 3849 nomine
1139 3799 1264 3861 exemp-

159 3893 258 3954 tionis.
284 3891 520 3954 abalienatores.
563 3893 624 3954 llis
643 3891 836 3975 adjungimus
859 3893 1076 3957 Laudenensis
1104 3885 1261 3972 episcopii
1366 3883 1378 3912 ''

158 4015 364 4078 pereuntes,
385 4019 421 4060 ac
439 3999 540 4080 ipsium
556 4000 709 4082 Episcopi
723 4000 924 4080 perimimus
941 4005 1087 4062 tortores.
1109 3997 1181 4058 Elat
1196 3991 1262 4056 illis

166 4103 250 4168 deut
270 4103 428 4190 scriptura
450 4103 542 4170 dicit:
581 4107 642 4186 Qui
672 4105 825 4187 dixerunt,
854 4105 1027 4170 hereditate
1050 4101 1269 4188 possideamus

982 4207 1052 4275 15*
