2944 4714
591 236 744 326 Q

123 424 198 490 liunt
214 421 338 505 plenum
354 423 452 488 Deum
468 441 485 486 a
499 423 587 488 Patre
602 423 750 508 genitum,
766 423 911 505 Spiritum
926 424 1069 491 Sanctum
1086 445 1103 492 a
1118 414 1206 492 Patra'

125 519 156 575 et
170 511 250 576 Filio
274 512 502 594 procedentem.
527 512 595 576 Non
612 518 712 575 umen
729 519 790 576 tres
805 513 898 592 Deos,
913 514 968 577 sed
984 533 1078 578 unum
1093 515 1206 595 Deum,

123 597 284 664 flicharius
299 599 487 681 Tungransis
503 600 653 688 ccclesiae
669 600 844 680 episcopus,
868 603 965 683 gratia
988 601 1075 666 vobis
1100 609 1131 665 ct
1145 621 1206 684 pax

124 707 141 749 a
158 685 236 762 Deo,
260 693 291 748 et
305 686 383 749 Filio
404 687 529 751 domino
549 694 656 751 nostro
671 687 745 750 lesu
762 687 883 750 Christo
905 695 936 750 et
951 689 1066 770 Spiritu
1081 689 1206 754 Sancto.

124 775 157 838 si
183 773 298 854 aliquid
318 775 458 837 utilitatis
480 775 529 838 vel
551 775 792 838 fructificationis
816 778 848 837 in
873 775 1090 839 ecclesiasticis
1112 777 1206 842 rebus
1248 797 1251 806 ’

105 857 107 862 ’
124 859 213 924 nobis
228 863 413 941 commissis,
429 862 573 926 ordinare
588 861 735 938 valemus,
759 863 941 943 quantocius
957 864 1131 928 accelerare
1146 865 1206 928 dc-

121 947 240 1012 lemos.

210 1033 329 1103 ldcirco
346 1037 469 1112 noverit
491 1035 639 1102 industria
655 1036 788 1100 iidelium
805 1043 864 1099 tam
884 1039 1092 1118 praesentium
1115 1055 1205 1121 quam

119 1123 307 1204 futororum,
330 1127 401 1206 quia
423 1125 610 1188 venerabilis
633 1126 694 1203 vir,
721 1123 933 1206 praedecessor
955 1126 1075 1189 scilicet
1097 1135 1206 1192 noster

121 1211 307 1292 Stephanus,
330 1213 363 1276 in
386 1213 505 1277 honore
520 1214 638 1278 Sancte
653 1213 821 1289 Trinitatis,
846 1211 982 1292 quaedam
1004 1216 1206 1295 responsoria

123 1315 191 1361 oum
206 1299 381 1380 antiphonis
396 1301 638 1377 nocturnalibus,
658 1301 724 1362 sive
740 1299 978 1378 matutinalibus,
994 1317 1051 1363 nec
1066 1319 1130 1364 non
1144 1319 1205 1364 vc-

13 1421 14 1424 =
122 1386 353 1466 apertionibus,
382 1395 538 1470 totumque
561 1387 598 1451 ad
621 1388 712 1468 plene
729 1388 863 1452 cilicium
879 1387 1065 1452 dulcissima
1091 1387 1205 1452 modu-

13 1497 14 1500 *
122 1473 244 1537 lationis
260 1474 399 1538 stabilire
415 1476 544 1553 curavit,
565 1476 696 1538 credens
717 1476 775 1537 sibi
791 1491 917 1554 sueque
933 1474 1072 1540 ecclesia
1086 1474 1206 1558 liquido

121 1561 330 1641 profuturum,
356 1564 383 1626 si
399 1562 444 1626 illi
462 1563 581 1626 debitas
595 1562 702 1625 laudes
718 1563 875 1644 speciatim
891 1561 1037 1636 deterret,
1065 1565 1116 1626 cui
1136 1564 1205 1627 addi

120 1647 211 1723 nihil,
227 1649 278 1714 vel
287 1651 381 1712 minui
391 1657 492 1732 potest
498 1673 507 1728 ;
524 1652 595 1731 quia
605 1667 726 1732 semper
741 1655 789 1714 est
804 1648 885 1730 quod
901 1657 964 1724 est;
981 1651 1030 1712 cui
1046 1652 1205 1730 proprium

123 1741 188 1814 est;
204 1737 253 1801 cui
268 1738 486 1817 sempiternum
503 1743 563 1816 est;
580 1739 629 1800 cui
644 1738 726 1800 idem
743 1743 790 1800 est
804 1737 912 1799 vivere
929 1743 960 1800 et
974 1735 1159 1820 intelligere.

208 1823 292 1888 llanc
314 1841 436 1906 quoquc
459 1827 596 1889 semitam
615 1826 740 1908 vestigii
756 1823 956 1906 suprascripti
971 1824 1099 1887 tirmiter
1115 1825 1206 1888 incc-

120 1910 241 1991 dentes,
256 1912 430 1978 curavimus
445 1914 597 1996 quoddam
612 1913 779 1977 oratorium
794 1912 826 1976 in
842 1911 974 1976 ccclesia
987 1911 1090 1976 Sancti
1101 1911 1196 1977 Lam-

119 2000 211 2078 berti,
232 2003 284 2064 ubi
301 2001 368 2082 ipse
384 2001 526 2081 quiescit,
541 2008 673 2077 struere,
700 2008 791 2082 atquc
813 2001 844 2062 in
861 2017 899 2062 ec
920 2000 1017 2063 altaro
1038 2007 1206 2065 struentcs’

119 2089 261 2166 quamvis
286 2105 302 2149 a
326 2089 443 2152 cunctis
459 2089 599 2152 fidelibus
615 2089 699 2152 Deus
720 2095 751 2150 ct
767 2088 918 2164 dominus,
942 2105 1018 2150 vera
1039 2093 1071 2149 ct
1085 2089 1204 2170 scnrpi-

118 2181 208 2237 terna
230 2175 342 2253 unitas,
358 2177 391 2238 in
407 2177 577 2240 substantia
593 2177 706 2257 ubique
721 2175 878 2252 adoretur,
895 2175 966 2258 quin
981 2191 1041 2238 una
1057 2175 1204 2239 substan-

117 2263 164 2324 tia
190 2269 238 2325 est
252 2263 352 2340 Pater,
374 2271 405 2325 et
419 2263 512 2328 Filius
536 2273 567 2326 et
582 2263 713 2344 Spiritus
734 2265 874 2340 Sanctus,
902 2269 1003 2326 tamen
1028 2263 1061 2324 in
1083 2261 1205 2328 honore

118 2351 218 2428 ipsius
242 2349 361 2413 Sanctae
383 2351 538 2414 Trinitatis
562 2350 706 2414 dedicare
729 2351 902 2413 curavimus
1020 2349 1130 2414 Actum
1157 2357 1205 2415 est

118 2437 182 2500 lroc
204 2437 313 2502 leodii
337 2439 393 2501 suh
418 2439 469 2501 die
503 2437 580 2502 xvl.
608 2437 752 2502 kalendas
775 2437 947 2502 decembris
971 2455 1052 2502 anno
1079 2437 1203 2502 Domini

118 2523 363 2676 DCCCGXX}ll
378 2525 546 2591 indictione
560 2525 595 2590 V.
611 2533 761 2610 regnante
777 2526 921 2592 lleinrico
944 2543 1020 2608 rege
1037 2523 1204 2609 gloriosis-

117 2615 198 2678 simo
214 2629 295 2676 anno
340 2612 360 2676 l.

137 2815 401 2886 spasmantem
419 2821 484 2875 rte·
502 2821 667 2888 reliques
686 2823 734 2874 de
751 2822 792 2874 ln
810 2821 1088 2876 anenno-rarus
1097 2825 1185 2880 Ero.

209 2963 419 3030 Ferdinandus
434 2965 492 3030 Dei
509 2973 539 3030 et
554 2965 743 3047 Apostolioae
758 2965 845 3030 Sedis
866 2967 965 3048 gratia
981 2966 1204 3048 Archicpisco-

117 3071 181 3137 pus
196 3051 390 3117 coloniensis
413 3055 443 3120 S.
459 3054 495 3118 lt.
513 3054 536 3117 l.
561 3073 617 3135 per
630 3054 744 3118 ltaliam
766 3053 1053 3118 archicancellarius
1069 3061 1100 3116 et
1114 3057 1204 3136 prin-

118 3157 196 3224 ceps
222 3138 347 3217 elector,
372 3143 536 3222 episcopus
551 3142 744 3222 leodiensis,
762 3142 1025 3207 Paderltornensis
1048 3147 1079 3205 et
1093 3141 1205 3206 llona-

118 3229 302 3306 scaniensis,
325 3227 553 3293 administrator
576 3230 839 3308 Hildishemensis,
861 3231 1153 3311 Berchterganensis
1174 3237 1206 3293 ct

120 3315 324 3394 stabulensis,
346 3335 449 3381 comes
475 3317 626 3398 palatinus
648 3320 763 3398 litent,
786 3319 849 3381 dux
874 3320 1035 3398 utriusque
1055 3317 1204 3394 Bavariae,

119 3401 332 3484 Westphaliae,
355 3403 502 3486 Angariae
529 3405 717 3485 etltollonii‚
742 3406 877 3470 Marchio
892 3405 1205 3484 Franchimontcnsis,

120 3509 227 3558 comes
238 3491 412 3570 Losscnsis,
427 3492 624 3574 Longiensis,
640 3495 820 3572 flamensis,
837 3499 890 3558 dcc.
913 3494 1073 3557 Universis
1090 3499 1121 3556 et
1135 3492 1204 3556 sin-

121 3579 205 3663 gulis
220 3585 390 3663 presentes
405 3587 527 3644 nostras
543 3581 658 3646 litteras
673 3585 799 3660 visuris,
813 3581 952 3660 lecturis,
968 3580 1019 3644 vel
1034 3581 1096 3662 legi
1113 3579 1204 3645 audi-

122 3669 210 3734 turis.
351 3733 353 3738 ,

209 3757 320 3820 Notum
337 3756 463 3820 tacimus
479 3759 569 3823 nobis
584 3776 747 3842 nuperper
761 3757 955 3822 venerabiles
971 3757 1003 3820 in
1015 3754 1136 3820 christo
1152 3755 1205 3820 di-

123 3847 223 3910 lectos
238 3844 385 3907 decanum
402 3853 432 3908 et
448 3847 612 3926 capitulum
629 3847 768 3911 ccclesiae
783 3853 898 3911 nostrae
914 3844 1085 3927 collegiata
1101 3845 1205 3908 Sancti

122 3933 246 3997 Martini
262 3932 391 3996 civitatis
406 3940 520 3998 nostrae
535 3935 714 3998 Leodiensis
730 3936 916 4018 expositum,
939 3931 1022 4014 quod
1048 3931 1087 3994 ad
1103 3933 1204 4014 maj0-

123 4039 190 4085 rem
205 4019 263 4084 Dei
286 4019 426 4100 gloriam,
450 4022 550 4088 Beatos
565 4023 637 4085 Evae
654 4039 765 4103 corpus
781 4023 848 4084 sive
870 4037 951 4099 ossa,
975 4021 1007 4082 in
1023 4019 1151 4103 capella,
1174 4024 1206 4081 ct

124 4108 223 4172 Altari
239 4109 424 4175 sacramenti
440 4109 578 4188 ejusdem
602 4111 741 4174 ecclesiae
765 4109 801 4173 ab
818 4109 901 4173 omni
926 4108 1082 4173 hominurn
1108 4122 1205 4168 exca-

125 4194 219 4261 dentc
243 4197 391 4263 memoria
404 4201 527 4266 reclusa
543 4207 573 4262 et
593 4199 763 4278 recondita,
785 4197 836 4263 dic
857 4206 964 4282 quarta
989 4195 1103 4260 mensis
1122 4191 1204 4273 junii
