2934 4710
1145 379 1203 444 105

161 547 245 630 quod
266 549 296 610 in
320 546 378 609 hae
401 561 499 608 rerum
521 545 725 610 ‘universitate
753 551 874 630 proprie
897 567 967 615 esse
988 551 1115 635 dicatur,
1136 573 1205 620 om.

159 651 243 712 uium
266 665 367 710 rerum
388 647 566 710 substantia.

629 819 650 888 s
682 811 751 878 41„

247 928 346 992 Potuit
365 927 474 1009 igitur,
504 927 566 990 imo
599 945 674 992 vero
696 929 785 992 etiam
807 929 910 995 debuit
932 932 1050 1016 Seuius,
1069 933 1096 996 si
1116 933 1205 1015 haee,

161 1047 252 1111 quam
275 1027 379 1108 parcis
399 1025 622 1108 explicavimus,
645 1045 718 1092 vera
740 1029 805 1092 eius
825 1030 880 1092 fuit
900 1035 1059 1112 sementia,
1088 1041 1205 1099 etcum

161 1133 215 1207 iis,
235 1131 285 1211 qui
318 1125 534 1209 pantheismum
564 1136 745 1209 seqmmuu,
768 1149 865 1216 unam*
880 1140 991 1196 tantum
1012 1116 1052 1196 iu¹
1068 1136 1206 1200 omuibus

162 1231 259 1294 rebus
290 1229 487 1292 substantiam
522 1235 673 1309 statuere,
702 1247 829 1314 eamque
849 1233 993 1314 divinam,
1013 1241 1044 1297 et
1061 1249 1121 1296 uno
1147 1253 1206 1298 eo-

162 1331 294 1411 demque
326 1337 460 1410 tempere
490 1347 557 1393 cum
588 1332 737 1393 cummuni
770 1333 933 1413 hominum,
954 1336 1004 1416 qui
1026 1341 1111 1398 recte
1131 1351 1207 1398 seu-

163 1433 252 1506 tiam,
274 1429 416 1508 loquendi
440 1445 495 1492 usu
508 1429 606 1492 ,deum
640 1443 819 1512 agnoscere,
841 1435 927 1496 euius
948 1435 1039 1497 sedes
1061 1435 1146 1516 quasi
1169 1451 1206 1498 ae

162 1531 350 1594 domicilium
370 1531 409 1592 sit
429 1546 518 1610 supra
542 1545 661 1593 omnem
694 1547 793 1594 rerum
813 1540 960 1613 naturam,
982 1537 1032 1616 qui
1056 1536 1134 1598 hane
1155 1543 1206 1599 to·

162 1640 224 1695 tam
248 1649 347 1694 rerum
369 1638 504 1693 naturam
528 1631 680 1694 meaverit
700 1649 814 1712 suaque
838 1637 981 1716 essentia,
1009 1642 1042 1700 at
1061 1637 1101 1699 ita
1118 1635 1206 1700 ‹lica-

159 1751 252 1811 mus,
287 1731 516 1811 superemineat.
570 1731 660 1794 itudo
685 1749 723 1794 ne
743 1732 804 1796 hoe
825 1739 980 1814 expressis
1001 1736 1103 1821 verbis
1126 1754 1205 1800 cun·-
1288 1788 1292 1802 .

160 1835 285 1909 tendat,
314 1832 506 1896 substantiam
531 1831 662 1894 divinam
682 1832 720 1894 ab
743 1847 846 1896 earum
871 1853 982 1914 rerum,
1004 1851 1081 1916 quae
1103 1855 1121 1900 a
1142 1837 1203 1900 deo

163 1940 288 1996 ereaiae
312 1933 462 2014 dieantur,
482 1934 645 1996 substantia
668 1933 786 2014 penitus
808 1949 878 1997 esse
896 1935 1057 2000 diversam.

649 2145 656 2160 .
686 2099 749 2162 42.¹

251 2215 359 2278 Veram
393 2217 546 2280 enimvero
579 2111 691 2280 tantum
714 2216 820 2296 abest,
842 2222 890 2296 ut,
909 2219 990 2300 quud
1006 2192 1112 2284 ¹uitimo
1134 2198 1218 2286 ioco*

162 2317 338 2398 posuimus,
366 2316 447 2380 uiiibi
468 2319 498 2380 iu
523 2317 607 2380 libris
628 2317 666 2380 de
688 2318 837 2381 divisione
859 2325 984 2382 naturae
1006 2319 1205 2399 contenderit,

166 2425 203 2482 ut
220 2417 330 2499 ubique
366 2417 431 2481 iera
464 2436 519 2499 per
541 2418 608 2481 ilios
641 2417 752 2498 libros,
773 2419 822 2482 vei
844 2418 924 2482 aliud
944 2421 1064 2503 agendo
1081 2424 1134 2500 ²⁷),
1158 2421 1206 2485 vei

163 2518 236 2582 data
255 2535 348 2598 opera
378 2536 434 2597 ea,
467 2537 544 2600 quae
565 2518 655 2582 modo
677 2521 782 2600 paucis
803 2519 1019 2600 comprehensa
1042 2522 1206 2602 preposui·-

166 2636 246 2695 mus‚
267 2618 414 2700 docuerit,
435 2636 471 2681 ae
491 2627 649 2700 praeterea
672 2620 760 2682 etiam
772 2618 904 2700 pluribus
923 2621 1001 2684 loeis
1021 2631 1102 2702 (sup.
1115 2631 1141 2699 §.
1152 2623 1205 2702 38,

163 2719 192 2796 1,
211 2718 276 2796 tv.)
315 2725 421 2782 contra
453 2719 541 2810 iiius,
572 2721 622 2802 qui
640 2716 773 2783 'diversa
802 2720 950 2801 sentiant,
982 2721 1128 2784 acerrime
1149 2721 1205 2783 de.

161 2817 306 2882 ienderit.
360 2833 364 2842 “
1202 2833 1208 2845 ·

250 2917 303 2980 liia
335 2935 428 2997 vero,
461 2935 539 2998 quae
562 2919 633 2981 item
662 2919 701 2982 ab
730 2919 863 3002 Erigena
884 2920 989 2986 deseri
1010 2927 1042 2983 et
1063 2937 1153 3001 posse
1176 2927 1207 2982 et

164 3017 282 3080 debere
301 3018 576 3097 animadvertimus,
596 3035 684 3098 „esse
709 3019 759 3082 dei
780 3020 885 3082 sedem
908 3023 993 3102 quasi
1018 3037 1055 3082 ac
1079 3020 1206 3082 imniei-

163 3118 238 3182 iium
258 3137 348 3200 supra
384 3136 503 3182 omnem
533 3137 632 3182 rerum
659 3126 812 3182 naturam‘
833 3155 874 3170 -
898 3137 985 3200 „esse
1006 3119 1092 3182 deum
1115 3120 1205 3182 totius

163 3235 266 3282 rerum
283 3225 407 3282 naturae
428 3227 567 3282 eausam‘
588 3255 628 3268 --
652 3220 884 3301 „superemineri
915 3221 995 3282 hane
1015 3236 1115 3282 rerum
1135 3217 1206 3280 uni-

163 3322 339 3380 uersitatem
364 3321 516 3382 esseutiae
551 3320 672 3384 divinae
698 3322 926 3400 praestantia;“
953 3321 1030 3382 haee
1051 3320 1153 3401 igitur,
1175 3324 1207 3381 et

164 3420 214 3481 his
235 3418 341 3482 similia
362 3419 495 3482 inlibris
516 3419 555 3481 de
576 3419 724 3482 divisione
746 3405 871 3484 naturae
894 3420 1025 3501 pluribus
1051 3419 1130 3483 iocis
1150 3437 1206 3482 re·-

164 3521 308 3600 perimus.
358 3519 479 3601 Legitur
506 3521 586 3584 enim
613 3521 732 3601 saepius
754 3521 791 3600 (i,
811 3527 842 3594 3,
864 3521 883 3582 7
907 3528 1003 3599 ete.):
1024 3519 1109 3601 „lpse
1132 3517 1206 3584 deus
1309 3539 1312 3546 ’

166 3621 199 3684 in
222 3637 258 3682 se
279 3619 345 3702 ipso
365 3621 441 3682 ultra
461 3638 580 3684 omnem
602 3627 768 3685 creaturam
789 3620 871 3685 mulo
890 3621 1043 3686 intelieetu
1064 3637 1206 3701 eompre-

167 3785 467 3802 ·.--—--——-

199 3897 246 3971 27)
276 3901 446 3970 Saepissime,
464 3903 564 3956 utalia
582 3910 725 3966 taceamus,
745 3905 843 3971 iegitur
862 3901 999 3970 „muudus
1027 3915 1067 3956 eat
1084 3919 1117 3954 ez
1136 3899 1205 3954 deu“

267 3997 295 4042 et
314 4007 384 4073 quae
403 3999 467 4043 suut
493 3991 597 4060 generis
625 3989 753 4048 eiusdem.
774 3989 816 4047 Gi·
836 4009 894 4063 sup.
914 3989 935 4063 §.
961 3988 1058 4059 105de
1078 3985 1132 4041 dir·
1151 3995 1205 4040 net.
1251 4045 1252 4056 γ

268 4073 302 4142 ΙΙ,
322 4075 424 4132 19-20
442 4085 470 4132 et
490 4086 547 4132 tuto
567 4079 625 4133 sere
646 4077 725 4132 libro.
