2944 4714
581 254 735 346 ..X-XL-

115 439 199 506 ferre
213 437 318 506 soliti:
332 437 393 503 imo
408 437 441 502 in
454 437 536 505 festo
550 439 580 508 S.
596 441 774 524 Augustini,
795 439 929 524 patricni
944 437 1027 505 iilius
1042 439 1196 522 ecclesiae,

115 531 226 593 eodem
243 547 312 592 cum
326 527 423 608 ipsius
438 530 536 592 sancti
551 535 650 594 statua
665 530 756 594 modo
772 529 952 608 bonoratur,
978 545 1035 612 per
1061 527 1199 596 oblatic-

115 637 187 682 nem
203 617 292 680 ilorci
312 615 397 694 serti,
423 633 441 680 a
461 616 640 682 consulibus
653 617 877 684 leodiensibus
898 623 951 682 aut
980 635 1088 684 eorum
1109 635 1198 684 com-

117 705 265 770 missoriis
280 701 461 766 faciendam.

201 791 434 868 literanum,
457 791 565 855 similis
581 791 697 872 forme,
719 799 803 856 extat
824 793 856 856 in
882 791 1014 858 ecclesia
1027 792 1199 876 parochiali

119 881 298 945 florentine
313 893 411 958 prope
425 877 588 959 Lecdium;
613 887 644 943 et
658 881 740 962 quod
756 882 844 944 annis
860 887 931 944 anto
945 882 1125 946 venerabile
1139 881 1199 946 Sa-

14 1005 15 1016 .
116 975 303 1032 crumentum
318 965 455 1029 defertur
463 967 743 1047 processionaliter,
760 969 800 1034 ob
816 969 995 1032 memoriam
1011 969 1081 1033 festi
1097 967 1199 1032 eidem

14 1095 15 1104 κ
115 1055 258 1134 revelati,
279 1061 311 1119 ει
330 1054 497 1118 nativitatis
522 1055 589 1134 ejus
616 1073 656 1118 ex
671 1057 740 1120 vico
754 1055 897 1136 Retinne,
921 1056 1021 1120 eidem
1043 1055 1200 1139 parochie

115 1144 270 1224 subjecto.
310 1141 413 1204 Tertia
429 1149 476 1204 est
490 1141 583 1222 lapidi
599 1161 731 1207 arenoso
749 1150 780 1206 et
790 1144 852 1225 J'am
869 1161 948 1226 pene
964 1161 1073 1224 exeso,
1095 1145 1127 1207 in
1143 1161 1203 1206 ee·-

14 1287 15 1292 ,
117 1232 214 1294 elesia
237 1228 443 1306 Corneliensi,
462 1231 550 1310 juxta
575 1230 806 1294 tabernaculum
827 1231 1031 1311 uenerabilis3
1062 1232 1200 1312 ejusdem

121 1337 190 1382 cum
217 1317 370 1398 prioribus
390 1317 498 1381 forme
514 1325 546 1380 et
560 1318 805 1399 subscriptionis,
821 1319 851 1384 S.
866 1319 996 1383 iuliane
1010 1337 1123 1384 nomen
1139 1337 1202 1383 ex-

118 1407 262 1469 hibentis.
307 1405 422 1478 Quarta
445 1405 579 1486 denique
594 1406 652 1469 fuit
667 1407 698 1469 iu
714 1407 780 1487 ipsa
796 1405 941 1471 dominici
962 1409 1104 1488 corporis
1126 1406 1200 1470 irie-

117 1493 245 1558 rotbeca
261 1499 419 1574 argentea,
440 1493 633 1572 respondens
650 1493 834 1558 stationculo
851 1496 948 1558 sancti
963 1495 1065 1576 angeli
1082 1512 1122 1558 ex
1137 1511 1200 1559 uno

115 1583 214 1645 latere
236 1582 350 1660 posito,
373 1597 442 1660 quaa
462 1581 605 1662 insigniis
627 1581 784 1645 radiorum
805 1589 944 1645 ornatum
960 1582 1077 1646 habens
1098 1588 1201 1663 caput,

14 1727 15 1758 ,
116 1667 280 1732 videbatur
294 1669 522 1733 Sacramentum
545 1669 681 1732 extensis
707 1669 856 1746 manibus,
878 1672 1083 1734 substentare.
1117 1670 1203 1734 Licet

119 1761 221 1820 autem
239 1755 304 1818 inec
317 1755 508 1834 hierotheca,
528 1755 565 1817 ab
581 1757 670 1818 annis
685 1757 782 1819 tribus
796 1755 973 1836 reformata,
988 1763 1080 1838 atque
1094 1756 1127 1820 in
1141 1775 1202 1820 au-

14 1907 15 1914 ,
119 1845 290 1928 gustiorem
314 1851 346 1906 ει
368 1845 467 1926 magis
482 1849 724 1924 uansparentem
747 1844 875 1908 formam
890 1847 931 1909 sit
943 1844 1047 1908 refusa
1054 1865 1063 1924 ;
1087 1861 1219 1924 super..

116 1940 192 1996 sunt
205 1939 305 1994 tamen
320 1931 434 2012 prioris
450 1931 567 1995 formae
583 1938 614 1995 ει
634 1931 886 1997 statiunculorum
908 1933 941 1995 in
968 1929 1004 1994 du
1028 1932 1202 2014 positorum

116 2027 216 2084 testes
231 2018 344 2084 oculati
360 2037 396 2082 ao
410 2035 580 2098 memores;
606 2019 755 2100 imprimis
771 2020 925 2084 aurifaber
939 2021 1020 2100 ipse,
1044 2019 1096 2101 qui
1110 2017 1202 2082 refu-

115 2107 174 2186 dit,
199 2111 290 2188 atque
305 2105 341 2169 ii.
358 2107 394 2169 Ι).
411 2107 499 2169 Prior
516 2107 695 2171 Caribusiae
712 2125 779 2170 cum
801 2127 865 2172 uno
881 2127 921 2175 ex
944 2108 1009 2172 suis
1031 2105 1201 2188 religiosis.

114 2195 157 2260 Ει
171 2195 203 2258 in
219 2195 310 2273 hujus
324 2195 371 2257 rei
385 2195 575 2273 memoriam,
598 2213 700 2260 novae
721 2195 920 2260 hierothecae
941 2195 1056 2259 inserta
1077 2204 1125 2257 est
1140 2193 1202 2257 du·

114 2283 192 2366 plen
213 2281 350 2363 eiusdem
372 2283 502 2347 Sanctae
529 2282 631 2365 imago
654 2301 722 2345 cum
744 2282 873 2348 historia
893 2281 1023 2365 duplicis
1045 2283 1145 2366 signi,
1169 2283 1202 2346 ia

117 2371 194 2435 iuna
209 2369 370 2433 deficiente
385 2377 417 2433 et
430 2387 486 2452 per
501 2370 659 2450 apostolos
674 2370 755 2434 facti.

207 2457 352 2532 Quintum
368 2463 580 2540 argumentum
596 2457 826 2523 faciunticones
843 2459 908 2522 aeri
923 2457 1051 2534 incisae,
1067 2455 1202 2540 indeque

117 2547 152 2610 in
169 2545 303 2608 chartam
320 2545 499 2626 impressae,
515 2563 550 2608 ac
565 2543 687 2625 publice
703 2545 903 2610 distributae.-
924 2563 1003 2628 quae
1019 2563 1127 2610 omnes
1142 2545 1202 2608 ha-

114 2635 195 2698 bent
209 2631 332 2714 aliquod
348 2633 493 2696 indicium
509 2633 678 2697 sanctitatis
699 2633 778 2714 ejus.
816 2633 957 2698 Omnium
980 2635 1202 2714 antiquissima,

117 2727 315 2801 representat
328 2721 509 2784 uenerabile
523 2721 763 2802 Sacramentum,
785 2729 987 2786 sustentatum
1012 2723 1152 2785 manibus
1166 2722 1201 2786 B.

115 2807 262 2876 lullanae
277 2808 451 2887 irradiatae,
472 2815 503 2871 et
517 2806 683 2887 isabellae3
706 2809 863 2874 adoratum
886 2819 986 2873 alitem
1009 2829 1027 2873 a
1042 2810 1073 2875 S.
1090 2809 1203 2890 Augu-

115 2899 203 2964 slino
219 2902 251 2960 ct
264 2895 328 2959 ilva
349 2897 482 2961 reclusa.
509 2895 617 2959 ditare
629 2897 797 2973 recentius,
821 2897 860 2960 de
881 2916 961 2961 anno
980 2895 1073 2962 leco.
1119 2896 1204 2959 idem

117 2988 353 3053 Sacramentum
370 2983 496 3047 exhibet
510 2983 667 3047 adoratum
682 2982 847 3062 aulalium,
870 2981 1002 3047 isabella
1017 2988 1048 3047 et
1061 2983 1137 3062 Eva,
1158 2983 1205 3046 sic

117 3079 155 3138 ut
171 3069 236 3137 sola
252 3071 351 3134 media
365 3071 485 3135 Juliana
509 3077 600 3152 caput
621 3071 732 3136 habeat
746 3071 916 3134 diademate
938 3091 996 3136 scu
1019 3070 1135 3134 circuio
1149 3067 1204 3133 iu-

118 3162 243 3224 minoso
260 3160 407 3222 cinctum:
424 3159 546 3223 ethaeo
561 3159 677 3222 decano
693 3165 784 3239 atque
799 3158 931 3240 capitulo
941 3161 971 3225 S.
981 3159 1103 3222 lfartini
1117 3157 1203 3222 Leo-

119 3249 166 3313 dii
182 3247 332 3326 dedicata,
348 3247 445 3310 servit
460 3245 705 3312 coniralcmitati
720 3245 906 3310 uenerabilis
923 3247 1122 3323 Sacramenti,
1140 3261 1204 3326 pu-

118 3337 265 3416 bliceque
286 3335 450 3418 quotannis
471 3336 553 3398 inter
576 3336 746 3399 confratres
770 3333 972 3397 distribuitur.
1003 3333 1107 3397 'fertia
1126 3349 1203 3397 vero

119 3429 361 3504 repraesentans
376 3423 473 3486 solam
487 3420 639 3485 lulianam
659 3421 870 3498 diadematum,
891 3420 1005 3485 dictum
1026 3418 1205 3484 venerabile

120 3511 322 3592 adorantem,
336 3509 480 3573 similiter
494 3510 527 3578 in
542 3509 674 3574 eeclesia
688 3509 801 3574 bientis
818 3509 954 3572 Cornelii
970 3508 1134 3590 quotannis
1150 3507 1205 3570 in-

121 3606 172 3663 ter
194 3599 377 3675 confratres,
399 3615 435 3660 ac
456 3597 486 3663 S.
509 3597 649 3662 lullanae
671 3597 802 3662 devotos
826 3597 1027 3660 distribuitur.
1062 3593 1205 3676 lienique

122 3687 262 3769 ejusdem
289 3683 440 3749 ecclesiae
454 3685 588 3767 parietes
605 3685 770 3749 interiores
790 3685 827 3746 ab
851 3685 935 3748 omni
949 3691 1035 3748 retro
1057 3684 1206 3748 memoria
1255 3751 1263 3768 .

123 3773 299 3839 ambiuntur
313 3773 441 3854 picturis
456 3771 634 3856 grandibus,
650 3777 743 3836 totam
759 3771 790 3838 S·
804 3769 1046 3835 Julianacritam
1058 3788 1115 3852 per
1128 3787 1206 3852 par-

124 3869 173 3924 tes
188 3862 506 3944 repraesentantibus:
525 3875 601 3942 quas
617 3868 715 3925 aetate
730 3866 934 3940 consumptas,
949 3860 1136 3941 tertiumque
1151 3861 1205 3923 in-

123 3957 254 4014 novatas
269 3947 376 4014 videre
396 3967 478 4014 nunc
493 3965 616 4030 quoque
638 3947 722 4027 lieet,
747 3963 808 4010 una
830 3965 898 4010 cum
920 3947 1148 4014 recentioribus
1171 3948 1205 4010 in

124 4036 228 4103 iocum
258 4035 450 4116 antiquarum
477 4033 658 4101 substitutis.
701 4033 735 4097 in
756 4035 929 4098 summitate
951 4041 1052 4098 autem
1078 4033 1205 4114 majoris

125 4140 200 4188 arae
222 4123 343 4204 depicta
363 4125 461 4190 ests.
483 4121 603 4187 taliam
626 4121 741 4187 radiata
760 4126 868 4202 caput,
890 4128 922 4184 et
940 4121 1027 4187 velut
1046 4121 1205 4186 exstatica.

127 4209 210 4284 Quin
231 4218 262 4279 at
275 4211 310 4278 iu
324 4209 438 4294 teupio
453 4209 628 4278 villariensi
654 4224 753 4292 aequc
773 4209 870 4292 ipsius
884 4208 1028 4360 hugi?
1042 4227 1079 4277 ac
1094 4208 1204 4274 caete-
