2934 4710
1120 339 1265 406 95·

121 537 331 600 numerorum,
360 521 410 602 qut
437 519 525 583 simol
555 519 670 582 aeterni
702 527 829 584 suntet
863 521 952 588 lacti:
982 525 1097 586 aeterni
1127 527 1156 586 in

121 624 262 702 monade,
284 621 356 684 laeti
374 621 405 682 in
425 619 563 682 monadis
584 619 939 716 multiplicationedflssll,
956 631 988 692 11
1012 634 1163 704 50qu„

589 743 620 814 ς.
652 739 701 800 98.

210 855 283 917 Viva
315 855 406 937 igilur
438 853 488 915 illa
520 861 599 934 (sup.
618 862 648 930 §.
674 851 740 932 96.)
759 857 889 917 omnium
912 856 1048 917 virtulum
1071 855 1165 917 ratio.

123 973 274 1035 numque,
307 955 412 1034 quibus
432 971 532 1015 reram
554 961 677 1016 naturae
701 956 879 1018 universitas
901 957 1037 1033 edicitur,
1061 975 1166 1016 exem-

124 1055 173 1136 pla
214 1053 411 1134 principalia,
448 1071 523 1134 quas
565 1054 773 1133 primordiales
812 1075 920 1118 causas
955 1056 1165 1137 appellavimus

124 1165 171 1233 (§.
196 1155 361 1232 93-94.),
379 1171 439 1215 non
460 1153 555 1216 solum
570 1155 628 1216 deo
651 1161 718 1216 sunt
731 1163 903 1234 coaeterna,
924 1165 967 1234 (§.
981 1157 1047 1231 97.)
1062 1165 1165 1218 terum

125 1257 216 1316 etiarn
239 1272 333 1334 usque
357 1254 394 1315 ab
423 1257 502 1316 omni
524 1258 700 1317 aeternitate
723 1275 787 1318 cum
812 1256 870 1321 deo
896 1261 1054 1320 coniuncta
1077 1266 1165 1338 atque

125 1355 207 1416 adeo
227 1357 257 1416 in
279 1357 345 1434 ipsa
366 1354 424 1416 dea
446 1355 539 1416 luere.
583 1355 714 1435 Namque
736 1375 753 1418 a
777 1356 834 1418 deo
854 1363 948 1438 patre,
971 1375 1085 1421 summo
1102 1377 1166 1420 om-

125 1457 210 1517 nium
240 1473 339 1518 rerum
360 1456 526 1534 principio,
547 1455 576 1517 iu
599 1455 659 1518 filio
682 1457 855 1538 unigenito,
879 1466 978 1521 creata
998 1477 1022 1523 s.
1046 1461 1166 1523 condita

125 1573 151 1620 s.
177 1555 256 1617 laeta
279 1563 357 1632 sunt,
389 1563 420 1618 ut
441 1573 559 1636 semper
579 1557 624 1634 „in
646 1557 711 1635 ipso
736 1557 936 1620 substiterint“
958 1598 997 1610 -
1023 1567 1061 1640 [ς.
1084 1561 1165 1624 93-

128 1655 189 1732 94;
210 1662 238 1730 §.
265 1654 426 1731 96-97.).
452 1693 491 1704 -
519 1657 675 1729 Quomodo
708 1663 805 1719 aulem
828 1676 937 1720 causae
960 1659 1167 1740 primordiales

126 1758 158 1818 in
182 1755 278 1816 verbo
302 1755 350 1817 dei
371 1757 526 1836 unigenito
549 1755 689 1817 conditae
708 1758 778 1834 sint,
800 1774 922 1835 „omnes
945 1765 1065 1840 superat
1079 1759 1169 1820 intel-

127 1857 234 1934 lectus
253 1857 371 1936 solique
391 1857 504 1930 verbo,
526 1858 555 1917 in
578 1873 636 1936 quo
657 1862 725 1918 sunl
746 1857 897 1935 conditae,
921 1861 1069 1940 cognitum
1093 1867 1167 1920 est.“

126 1957 188 2034 (ΙΙΙ,
223 1955 371 2034 tii—17.)
398 1995 440 2006 -
462 1957 656 2019 Nihilominus
688 1955 817 2037 Erigena
846 1957 905 2017 alio
938 1959 1065 2037 quadarn
1097 1957 1167 2020 loco

128 2057 278 2120 scribit:“
311 2056 461 2136 Siquidem
484 2074 523 2117 ex
552 2057 635 2120 lonle
660 2057 768 2118 llumen
790 2056 991 2139 principaliter
1009 2066 1118 2135 manat,
1139 2065 1169 2120 et

129 2175 186 2238 per
218 2157 284 2219 eius
304 2157 420 2218 alveum
446 2173 540 2236 aqua,
574 2174 650 2236 qaae
681 2157 775 2238 surgit
798 2160 828 2218 in
852 2157 954 2236 lonte,
978 2157 1167 2222 del‘unditur:

127 2259 175 2320 sia
199 2255 298 2320 diviua
324 2257 442 2318 bonitas
464 2263 494 2316 et
515 2259 647 2318 essentia
671 2263 701 2318 et
721 2259 781 2318 rita
802 2264 832 2319 et
849 2259 994 2337 sapientia
1016 2265 1046 2320 et
1060 2261 1168 2336 onmia,

127 2375 207 2438 quae
229 2359 258 2418 iu
292 2357 374 2418 lonte
406 2358 534 2418 amnium
559 2357 603 2428 (lr.
625 2375 652 2420 e.
674 2359 703 2418 in
730 2357 788 2419 deo
814 2359 866 2437 [el.
886 2358 933 2438 ΙΙ,
958 2362 1019 2441 Ι.])
1040 2367 1117 2438 sunt,
1137 2361 1169 2422 in

126 2457 339 2540 primordiales
373 2475 481 2520 causas
514 2456 664 2536 dolluant,
696 2464 726 2519 et
761 2475 814 2520 ens
852 2477 921 2522 esse
955 2459 1095 2522 iaciunt.“
1126 2497 1164 2512 -
1286 2455 1293 2464 ’

126 2559 261 2638 (lita)

592 2665 623 2734 s.
648 2657 697 2722 99.

229 2775 327 2856 Atque
356 2775 433 2836 liaeo
462 2775 526 2856 ipsa
549 2775 642 2838 verba
663 2783 766 2856 aperte
797 2775 952 2838 declarant
977 2777 1064 2837 otiam
1089 2773 1168 2851 illud,

126 2893 239 2940 causas
262 2875 469 2956 primordiales
491 2893 560 2936 esse
580 2893 678 2937 rerum
701 2877 835 2955 exempta
856 2874 1070 2952 substantialia,
1091 2875 1168 2953 quae

127 2975 366 3040 substantialiter
385 2994 423 3038 ex
444 2975 544 3036 divina
567 2975 681 3038 duxere
703 2977 867 3037 substantia
884 2975 1077 3055 eiusdemque
1100 2992 1167 3036 cum

126 3081 197 3159 ipso
225 3077 283 3138 deo
320 3081 389 3137 sunt
422 3077 582 3136 essentiae.
640 3074 726 3149 Quod
756 3076 865 3137 Sautus
895 3075 968 3136 satis
996 3080 1169 3136 constanter

126 3177 229 3242 tradit.
272 3177 411 3258 Legimus
442 3195 506 3238 eum
537 3175 624 3240 mulla
663 3176 741 3253 alia,
762 3183 821 3238 tum
844 3176 942 3239 haee:
966 3177 1167 3255 „Dicitsaora

125 3279 277 3358 scriptura
303 3279 366 3355 „in
388 3277 533 3356 principio
568 3277 640 3338 lecit
664 3275 738 3338 deus
772 3276 886 3340 coelum
908 3282 938 3338 et
957 3281 1101 3338 terram““
1125 3309 1166 3322 -
1229 3350 1231 3358 Ι

124 3380 157 3441 ir.
182 3397 210 3440 a.
232 3379 314 3440 Deus
335 3385 420 3458 peter
450 3377 554 3440 indeo
575 3377 634 3439 illio
657 3378 879 3440 universitatem
901 3377 991 3438 totius
1011 3381 1167 3438 creaturae

125 3479 258 3542 risibilis
284 3485 315 3540 et
345 3479 501 3540 invisibilis
532 3477 687 3554 condidit;
719 3478 840 3558 etquid
876 3479 907 3539 in
928 3477 1074 3556 principio
1097 3493 1165 3552 suo,

125 3580 156 3640 in
181 3581 276 3640 aerbo
299 3595 372 3655 suo,
405 3580 433 3638 in
454 3577 514 3639 lilio
550 3595 604 3640 suo
626 3579 782 3658 unigenito
803 3586 888 3658 pater
909 3577 1064 3654 conderet,
1085 3577 1165 3658 quod

124 3680 193 3760 ipse
215 3679 293 3740 lilius
314 3683 357 3754 211)
388 3695 449 3740 aon
471 3685 552 3740 esset
575 3679 643 3740 -Ι
665 3678 807 3760 Alioquin
829 3695 889 3740 non
912 3677 942 3740 in
966 3677 1032 3758 ipso
1056 3675 1165 3738 condi-

122 3851 373 3864 ...am—...-

142 3965 209 4036 ao)
228 3965 308 4034 Quod
328 3983 382 4017 aon
406 3975 475 4018 esset
494 3968 558 4035 „ipsi
579 3968 636 4018 filio
656 3967 911 4021 corrsubstsntiale.“
938 3965 973 4017 tl.
994 3963 1040 4028 ΙΙΙ,
1054 3963 1111 4030 .17‚;
1131 3963 1163 4024 ll,

228 4052 270 4104 20,
290 4071 380 4125 seqq.;
399 4056 445 4122 ΙΙΙ,
466 4053 562 4123 8-9.;
582 4057 725 4124 praecipue
747 4055 778 4119 v,
798 4053 842 4107 24.
862 4069 939 4123 seqq.

928 4143 947 4206 7
