2934 4710
302 363 360 428 100

300 541 358 604 εοΙί
380 537 552 602 fabricatori
581 533 657 598 illius
694 535 839 614 cognito,
870 540 900 596 ct
932 535 1013 596 cirea
1044 551 1116 598 suas
1147 534 1341 614 snbstantias,

300 643 407 722 quibus
440 635 681 718 inseparabiliter
711 635 898 712 adhaerent,
933 651 1052 715 semper
1084 642 1277 716 permanent,
1311 643 1344 698 et

300 741 394 802 bunc·
413 737 553 800 mundum
581 735 672 798 modo
711 734 838 813 quodam
873 734 1051 816 intelligibili
1073 735 1343 816 compositionibus

300 843 363 904 suis
381 839 536 920 perliciunt
556 843 645 916 atque
667 841 877 915 compununt.“

382 939 420 1001 Et
439 940 510 1000 item
532 937 608 998 libro
631 935 733 1015 quinto
755 944 836 1016 (cop.
861 934 985 1012 XXV.):
1006 934 1149 1016 „Omnia‚
1169 953 1248 1016 quae
1266 936 1345 1000 locis

300 1038 570 1119 temporalibusque
597 1037 769 1114 canantur,
792 1037 1007 1117 corporeisque
1029 1037 1169 1100 sensibus
1201 1053 1346 1100 succum-

302 1142 391 1218 bunt,
426 1157 486 1201 non
507 1141 591 1218 ipsae
621 1153 673 1200 rer
695 1135 907 1199 substantiales
927 1153 1001 1198 veru
1022 1131 1197 1218 existentes,
1219 1138 1275 1200 sed
1295 1139 1347 1218 ip-

299 1259 400 1305 sarum
423 1257 522 1302 rerum
544 1253 618 1299 vere
638 1239 827 1300 existentium
853 1237 998 1317 quaedam
1021 1238 1213 1300 transitoriae
1234 1240 1348 1320 imagi-

303 1359 359 1404 nes
382 1348 413 1402 ct
435 1339 645 1402 resultationes
665 1338 945 1419 intelligendarum.
987 1339 1077 1400 Cuius
1091 1339 1218 1401 rationis
1237 1356 1347 1401 exem-

301 1441 379 1522 plum
402 1447 450 1502 est
471 1457 533 1502 vox
555 1439 678 1518 eiusque
699 1441 819 1519 imago,
840 1453 918 1518 quae
942 1434 1010 1517 η’χώ
1031 1445 1173 1521 vocatur,
1195 1457 1250 1501 seu
1272 1457 1348 1500 cor-

300 1559 376 1622 pora
397 1542 589 1621 ipsorumque
613 1538 752 1600 umbrae:
773 1555 850 1619 quae
872 1545 980 1600 cuncta
1002 1555 1064 1600 uon
1083 1555 1146 1618 res,
1169 1539 1224 1601 sed
1248 1539 1346 1602 lalsao

306 1659 405 1703 rerum
428 1641 576 1720 imagines
598 1639 762 1719 probantur
783 1643 880 1706 esse.“
900 1675 941 1687 —

382 1739 445 1802 Nos
468 1756 553 1817 vero,
578 1737 808 1819 quumErigcna
830 1737 1022 1818 paucioribus
1034 1744 1145 1801 tautum
1166 1738 1243 1800 loeis
1264 1738 1348 1800 buno

299 1839 331 1901 in
352 1837 472 1900 modum
501 1837 618 1900 loeutus
640 1838 695 1913 sit,
725 1836 804 1899 illam
840 1837 1026 1916 potissimum
1047 1839 1235 1914 seutentiam,
1256 1855 1347 1918 quam

302 1939 377 2001 alias
397 1939 507 2019 ubique
536 1938 704 2018 exprimere
721 1937 857 2014 uidetur,
879 1935 967 2000 uobis
989 1937 1172 2018 sequendam
1195 1954 1265 2000 esse
1288 1955 1349 2018 pu-

301 2039 437 2102 tavimus.
479 2039 558 2102 Satis
581 2044 679 2101 auteur
702 2037 777 2117 erit,
800 2036 879 2100 banc
897 2037 1021 2101 alteram
1043 2057 1062 2102 a
1082 2038 1171 2103 nobis
1192 2055 1255 2102 nou
1276 2055 1349 2102 csse

302 2139 482 2222 neglectam.
503 2137 559 2212 (cl.
581 2137 635 2201 iul.
655 2147 685 2215 §.
706 2137 775 2214 64.)
795 2173 837 2188 -

384 2371 497 2444 Quibus
519 2369 663 2450 expositis
683 2367 762 2448 luce,
795 2377 827 2432 ut
849 2369 1039 2449 arbitramur,
1061 2368 1171 2432 clarius
1188 2375 1245 2450 est,
1268 2389 1348 2452 quac

301 2473 408 2536 Scolus
431 2476 535 2532 noster
556 2477 586 2532 ct
609 2469 647 2533 de
670 2471 789 2552 origine
814 2469 904 2533 etde
927 2471 1092 2533 substantia
1105 2471 1234 2534 Naturae
1255 2491 1349 2534 crea-

304 2577 353 2633 tae
377 2587 437 2632 non
461 2572 613 2648 creantis,
649 2587 708 2650 quo
744 2571 866 2631 nomine
898 2569 978 2632 banc
999 2589 1099 2634 rerum
1121 2573 1347 2635 universitatem

302 2668 438 2751 appellat,
471 2669 501 2731 in
531 2669 615 2732 libris
644 2667 682 2730 de
703 2668 763 2731 div.
782 2669 912 2732 Naturae
934 2671 1081 2733 docuerit
1123 2671 1207 2751 Nam,
1229 2673 1255 2734 si
1278 2675 1347 2753 quis

303 2770 392 2845 alius,
415 2770 623 2848 ernanativum‚
646 2769 726 2851 quod
749 2776 871 2850 vocant,
892 2777 1020 2852 systema
1048 2775 1206 2851 expressit.
1249 2773 1347 2847 Quum

303 2889 377 2934 uero
400 2877 503 2932 nostra
535 2876 635 2933 aetate
657 2871 781 2950 luerint,
816 2873 883 2952 qui,
913 2873 1071 2951 opinantes
1093 2871 1240 2955 sortasse,
1262 2873 1346 2936 illam

306 2989 367 3033 non
390 2971 484 3033 luisse
505 2989 606 3032 veram
630 2973 712 3035 Scoli
734 2973 924 3049 sententiam,
946 2973 997 3032 vix
1020 2978 1071 3034 aut
1092 2989 1130 3032 nc
1152 2973 1204 3032 rix
1225 2973 1345 3052 quidem

306 3071 494 3150 dubitarent,
522 3073 591 3153 quin
622 3073 705 3135 Scoli
733 3073 810 3134 ratio
848 3074 970 3133 omnino
1000 3089 1074 3134 sana
1103 3077 1193 3152 atque
1227 3072 1346 3153 integra

307 3177 406 3250 essct,
439 3189 537 3252 neque
560 3171 620 3235 ullo
639 3177 728 3252 pacto
751 3171 939 3253 pantheismi,
959 3167 1045 3252 quem
1069 3169 1229 3252 appellant,
1251 3189 1346 3234 accu-

303 3273 396 3335 sanda
410 3277 453 3349 ²⁴)
488 3273 559 3336 buic
594 3272 784 3353 disputationi
809 3280 931 3334 nostrae
954 3289 1042 3333 unum
1064 3279 1221 3351 praeterea
1244 3279 1275 3334 et
1294 3273 1346 3334 al-

303 3381 395 3436 lerum
419 3392 458 3436 ex
486 3373 570 3436 libris
604 3373 643 3436 da
680 3373 739 3436 div.
772 3373 902 3436 Naturae
925 3371 1022 3435 locum
1044 3373 1230 3450 adiiciemus,
1263 3373 1345 3436 undo

307 3474 437 3554 apertius
459 3476 560 3558 etiarn,
580 3475 607 3536 si
627 3473 692 3535 lieri
713 3475 828 3554 possit,
850 3473 937 3534 buius
960 3473 1115 3535 doctrinae
1142 3473 1345 3555 Erigenianac

242 3576 245 3584 '
304 3573 423 3636 indoles
444 3580 649 3654 pernoscatur.
692 3574 810 3636 Deinde
825 3573 1003 3647 videbimus,
1024 3572 1101 3635 buno
1122 3573 1214 3654 ipsam
1235 3581 1266 3636 et
1287 3593 1346 3637 vc-

303 3693 367 3737 ram
390 3691 459 3736 esse
480 3674 622 3737 librorum
647 3673 685 3736 de
706 3673 767 3737 div.
788 3673 918 3736 Naturae
941 3674 1128 3737 sententiam.

386 3905 408 3972 l.
453 3907 516 3985 „lle
549 3905 615 4002 bis,
637 3907 686 3986 qni
708 3907 746 3970 de
762 3814 808 3970 §eo
827 3807 939 3986 ffluo,
972 3907 1052 3990 quod
1083 3908 1173 3972 totius
1193 3907 1343 3970 essentiae

321 4081 366 4153 aa>
385 4083 419 4135 cr.
438 4065 587 4136 sumen
606 4084 692 4155 praes.
710 4103 738 4155 p.
758 4085 795 4138 vr
815 4100 890 4156 seqq.
