2944 4714
621 257 774 349 ..Q-

154 451 280 510 nostros
297 459 461 510 cenmssas
486 449 670 508 revocantes
686 453 717 508 et
731 443 927 519 annulantes,
949 437 987 509 ae
1007 443 1124 510 nuliius
1139 445 1238 511 roho-

152 535 198 596 ris
214 539 246 596 et
259 534 405 596 momenti
421 551 492 596 esse
512 533 715 610 declarantes,
739 534 778 595 de
799 534 1018 614 omnipotentis
1033 534 1090 597 Dei
1113 536 1238 598 miseri·

154 621 270 697 cordia,
293 637 331 682 ac
352 621 511 684 bealorum
526 619 607 683 Petri
626 627 657 682 et
672 618 757 682 Pauli
773 620 982 701 apostulorum
1003 623 1073 701 ejus
1096 622 1236 684 authori-

153 714 215 772 tate
229 706 347 780 confisi,
363 707 505 772 omnibus
520 709 680 788 utriusque
695 723 790 771 sexus
803 707 916 770 Christi
932 709 1084 786 fidelihus,
1101 709 1152 789 qui
1167 709 1238 770 dic-

152 801 212 858 tem
229 795 598 860 archicoufreternitalem
614 795 654 858 de
666 803 778 858 cetero
788 796 1013 876 ingredientur,
1029 797 1080 858 die
1096 797 1238 878 proximo

153 901 260 948 eorum
276 884 450 962 ingressus,
471 883 499 945 si
522 901 597 946 vere
613 885 799 962 poenitentes
815 890 847 945 et
861 884 997 946 confessi
1013 884 1238 946 sanctissimum

152 969 354 1034 sudarium
368 971 598 1036 Sacramentum
613 971 801 1050 sumpserint
814 970 1003 1051 plenariam3
1027 987 1063 1034 ec
1085 977 1144 1034 lam
1161 970 1237 1050 ipsis

152 1076 209 1137 pro
227 1065 366 1138 tempore
381 1057 606 1134 describendis,
630 1075 719 1138 quiam
739 1057 802 1136 jam
820 1059 984 1139 descriptis
1008 1057 1040 1120 in
1063 1058 1144 1120 dicta
1160 1075 1239 1121 con-

152 1145 345 1209 fraternitate
360 1144 566 1209 confratribus
587 1151 618 1206 el
632 1144 853 1209 consororibus
875 1146 966 1208 eliam
989 1163 1062 1208 vere
1078 1147 1237 1226 peaniten-

152 1233 233 1296 tibus
250 1239 281 1296 et
297 1231 459 1310 confessis,
481 1251 516 1294 ac
531 1249 618 1296 sacre
633 1233 850 1296 communione
865 1233 1002 1310 refectis,
1027 1234 1080 1313 qui
1107 1249 1239 1312 proces·
1314 1279 1317 1287 ,

152 1321 234 1384 sioni
257 1338 313 1400 per
327 1321 427 1384 dictos
442 1320 614 1383 confratres
637 1321 670 1382 in
685 1320 735 1382 dia
751 1327 858 1382 octava
882 1321 1024 1400 corporis
1040 1319 1154 1382 Christi
1170 1321 1239 1381 sin-

153 1407 235 1489 gulis
252 1408 340 1472 annis
356 1407 423 1470 lieri
439 1407 550 1484 solitar,
566 1408 678 1470 devote
694 1407 902 1484 interfuerint,
919 1408 1239 1486 dictumquesanctis-

152 1497 262 1558 simum
278 1496 508 1560 Sacrourentum
525 1495 760 1570 associaverint,
782 1501 819 1559 ol
844 1494 886 1557 ibi
913 1513 971 1575 pro
998 1493 1238 1558 christianorum

152 1584 337 1662 principium
353 1581 530 1658 concordia,
547 1580 699 1644 heresum
717 1582 936 1662 extirpatione,
953 1583 1239 1646 memorationis

153 1668 298 1732 Ecclesie
322 1668 528 1744 exultatione,
557 1669 622 1748 pias
645 1669 681 1732 od
706 1669 804 1731 Deum
827 1685 936 1746 preces
959 1669 1125 1731 effuderint
1148 1670 1251 1730 etiarn-

153 1754 339 1834 plenariarn3
364 1773 485 1819 necnon
501 1755 592 1818 etiarn
609 1757 646 1818 iis
662 1756 869 1820 confratribus
884 1762 916 1817 el
930 1755 1162 1828 consororibus,
1187 1760 1238 1836 qui

154 1842 245 1906 dictae
266 1842 471 1922 processioni,
492 1859 559 1906 curn
587 1842 625 1903 de
645 1842 758 1905 ordine
782 1842 872 1906 dictae
894 1843 1240 1906 archieonfraternitutis

149 1930 239 2008 iuxta
260 1929 343 1993 illius
368 1931 606 1992 constitutiones
628 1930 765 2010 impediti
786 1932 860 2006 sint,
884 1930 1027 1992 simililer
1050 1931 1239 2010 prenitentes

153 2024 185 2079 et
208 2017 342 2080 confessi
366 2017 491 2078 minime
513 2017 718 2090 interfuerint,
741 2035 777 2080 ne
796 2019 1021 2081 sanctissimum
1038 2016 1240 2083 Eucharistiae

153 2106 383 2168 Sacramentum
409 2105 614 2182 sumpserint,
637 2111 668 2165 et
691 2111 724 2166 ut
747 2106 924 2184 predicitur
950 2107 1126 2182 oraverint,
1148 2105 1238 2166 eliam

152 2191 330 2271 plenariam.
367 2191 400 2253 io
428 2192 535 2254 mortis
560 2209 684 2271 quoque
703 2191 832 2256 articulo
850 2192 992 2255 omnibus
1008 2194 1169 2273 utriusque
1185 2210 1240 2254 se*

152 2297 212 2342 xus
229 2278 343 2343 Christi
365 2280 507 2342 fidelibus
530 2278 619 2340 dieta>
635 2277 972 2342 ,archiconfraternitali
989 2281 1162 2360 adscriptis,
1188 2281 1240 2359 qui

153 2369 340 2448 prenitentes
356 2374 388 2430 et
402 2365 551 2442 confessi,
566 2383 602 2428 ac
612 2367 805 2429 sanctissima
820 2368 1041 2430 communione
1057 2368 1168 2431 reiecti
1178 2385 1240 2429 no-

153 2475 224 2518 rnen
239 2455 327 2531 desu,
344 2470 399 2516 ore
415 2455 442 2516 si
459 2455 624 2533 potuerint,
648 2454 813 2516 sinautem
830 2454 925 2516 corde
941 2454 1054 2516 devote
1071 2455 1241 2518 invocave-

152 2545 225 2618 rint,
250 2543 417 2622 plenariam
440 2541 583 2604 similiter
606 2543 741 2604 omnium
767 2549 961 2622 peccatorum
985 2558 1111 2604 suorum
1135 2541 1241 2603 induf-

152 2629 301 2711 pentiam',
317 2635 349 2692 el
363 2630 578 2693 remissionem
590 2629 1022 2692 misericorditerinDomino
1032 2629 1240 2692 concedimus,

239 2717 391 2780 Praeterea
408 2715 517 2778 iisdem
538 2717 745 2780 confratribus
768 2735 843 2779 voro
867 2717 1085 2798 prandentibus
1109 2723 1141 2779 et
1161 2733 1241 2779 con-

153 2805 256 2880 fessis,
282 2803 335 2884 qui
350 2807 574 2866 sanctissimum
590 2803 792 2867 Eucharistiae
808 2806 1038 2868 Sacramentum
1059 2805 1090 2866 in
1116 2805 1167 2866 die
1191 2804 1241 2864 fe-

153 2901 201 2955 sto
217 2893 359 2972 ejusdem
375 2891 561 2954 sanctissimi
578 2893 766 2954 sacramenti
782 2892 978 2972 sumpserint,
1001 2899 1031 2954 et
1046 2897 1080 2953 ut
1094 2890 1241 2972 praediei-

153 2987 214 3052 tur,
231 2979 402 3054 oravcrint,
418 2978 534 3057 septem
552 2997 663 3054 anuos,
679 2978 845 3042 ettotidem
856 2978 1082 3060 quadragenas,
1100 2980 1151 3059 uui
1164 2996 1240 3040 vero

153 3067 264 3130 officiis
292 3065 425 3141 divinis,
447 3083 484 3128 ac
503 3065 755 3146 processionibus
779 3067 869 3138 dictae
895 3065 1241 3130 archiconfratcrnitalis

153 3154 354 3218 interfuerint
368 3161 489 3214 centon
506 3153 590 3225 dies;
615 3160 646 3214 et
668 3154 720 3233 qui
742 3160 828 3218 sexta
841 3153 923 3216 feria
940 3151 1104 3233 coJuslibet
1118 3153 1241 3215 hebdo-

153 3240 248 3303 nradae
275 3241 442 3304 ecclesiam
457 3240 490 3302 ll.
505 3240 620 3304 Mariae
642 3258 735 3320 supra
751 3242 918 3304 hfincrvam
947 3241 986 3302 dc
1001 3238 1095 3317 Urbe,
1118 3239 1242 3303 Ordinis

151 3329 288 3391 fratrum
308 3327 543 3416 Praedincatorum
559 3327 672 3392 devote
695 3328 898 3404 visitaverint,
921 3335 952 3390 el
975 3327 1016 3388 ibi
1040 3333 1073 3389 ut
1097 3326 1242 3406 predici-

154 3422 216 3492 tur,
232 3414 406 3491 oraverint,
418 3415 561 3478 similiter
579 3421 700 3478 centurn
713 3416 795 3492 dies;
811 3435 848 3478 ac
863 3414 978 3478 eisdem
990 3413 1197 3478 confratribus
1212 3421 1243 3476 et

155 3503 388 3575 corisororibus,
405 3504 457 3582 qui
474 3502 658 3582 prenitentes
675 3510 706 3564 et
717 3503 865 3578 confessi,
880 3502 1241 3566 acsacracommunione

155 3592 265 3654 refecti
281 3591 473 3670 processioni
498 3591 528 3651 in
545 3589 682 3668 qualibet
698 3585 786 3652 tertia
803 3590 955 3654 dominice
972 3591 1096 3666 mensis,
1120 3596 1151 3650 el
1166 3587 1242 3650 feria

157 3685 262 3754 quartu
278 3680 310 3741 in
326 3695 414 3740 omna
429 3677 553 3740 Domini
570 3677 636 3740 fieri
652 3677 751 3740 solitar
768 3677 975 3752 interfuerint,
998 3683 1029 3738 et
1048 3684 1082 3739 ut
1097 3676 1242 3756 predici-

157 3769 217 3838 tur,
237 3765 407 3840 oraverint,
428 3771 545 3843 septem
572 3781 671 3828 annos
695 3772 727 3826 et
742 3765 869 3828 totidem
895 3763 1126 3845 quadragenos,
1152 3772 1182 3825 et
1203 3765 1242 3825 iis

157 3847 271 3912 Christi
286 3852 426 3915 fidelibus
442 3852 603 3930 utriusque
624 3869 718 3914 serus
741 3852 771 3913 in
796 3851 876 3914 dicta
900 3851 1241 3914 archiconfraternitale

158 3951 221 3996 non
245 3937 424 4019 descriptis,
455 3938 555 4000 eidem
580 3940 773 4017 processioni
802 3939 1060 4002 interessentibns
1090 3939 1241 4002 ducentos

158 4019 240 4097 dies;
263 4040 382 4088 necnon
410 4026 500 4088 etiarn
525 4025 640 4089 eisdem
657 4025 864 4089 confratribus
881 4034 912 4088 et
927 4027 1160 4102 consororibus,
1188 4027 1240 4104 qui

158 4106 264 4170 saltem
280 4115 402 4175 contriti
418 4121 449 4176 et
463 4113 597 4178 confessi
621 4117 652 4174 in
679 4112 759 4176 dicta
782 4113 860 4176 feria
887 4120 992 4176 sancta
1016 4115 1046 4175 in
1064 4115 1156 4176 Coena
1173 4113 1241 4174 llo-

158 4194 231 4258 mini
253 4194 367 4261 dictum
391 4201 616 4268 sanctissimum
635 4201 861 4266 Sacramentum
886 4201 1159 4352 pr⁰⁰⁹9⁵82a⁰¹¹⁰mer
1183 4215 1241 4263 co-
