2934 4710
306 346 347 410 96

306 527 394 590 derit.
435 521 495 584 Aut
507 517 657 598 mornado
680 519 840 597 pateretur,
859 515 923 579 lieri
945 517 977 578 in
997 531 1034 578 se
1052 518 1242 602 vertuno),
1262 523 1342 603 quod

305 629 363 690 silai
384 618 637 686 consubstantiale
660 635 721 680 non
744 617 851 678 esset?
904 617 971 679 Non
1000 619 1079 680 enirn
1100 620 1151 684 lux
1169 624 1240 684 sinit
1258 624 1289 686 in
1308 641 1345 686 se

305 723 464 804 tenebras,
485 736 544 782 uec
565 719 675 779 veritas
700 719 729 778 in
751 734 785 778 se
815 716 921 796 recipit
950 717 1153 798 tigmentum.“
1181 722 1248 801 (ΙΙΙ,
1277 723 1343 798 17.)

304 827 435 888 liabetur
457 818 567 883 deinde
591 816 657 896 (ΙΙΙ,
683 820 727 895 Ι.)
749 817 825 879 lnoc:
855 815 905 896 ,ln
929 818 1069 880 omnihus
1092 823 1191 884 causis
1213 824 1346 905 primor-

306 927 431 988 dialibus
464 918 650 983 uniformiter
683 917 759 978 haec
791 917 895 997 regula
918 916 1112 998 observatur,
1133 923 1213 1001 quod
1234 941 1347 1004 perse

303 1031 384 1110 ipsas
406 1021 651 1104 participationes
673 1018 853 1099 principales
875 1024 944 1080 sunt
965 1019 1052 1082 unius
1072 1024 1206 1086 omnium
1224 1041 1348 1102 causae,

306 1143 382 1208 quae
403 1127 483 1187 Deus
509 1128 582 1183 est.“
603 1119 657 1198 (ol.
681 1118 717 1198 ll,
739 1118 806 1196 36.)
829 1117 905 1192 Quid
928 1126 1024 1181 autent
1045 1121 1100 1184 ista
1120 1125 1347 1204 ,participalio“

304 1226 426 1307 proprie
448 1223 505 1286 sibi
526 1220 606 1298 velit,
628 1219 760 1299 pluribus
786 1217 852 1296 (ΙΙΙ,
876 1219 922 1297 3.)
953 1220 989 1283 ab
1012 1219 1146 1304 Erigeoa
1167 1224 1345 1304 explicatur,

304 1343 428 1407 quorum
450 1340 595 1396 ,summam
616 1321 657 1383 ita
678 1321 859 1400 propositam
881 1321 1065 1384 invenimus:
1089 1323 1182 1402 ,ilinc
1204 1324 1347 1388 facillime

305 1427 392 1488 datur
414 1422 549 1504 intelligi,
570 1420 642 1483 nilrtt
665 1419 744 1482 aliud
766 1438 835 1482 esse
857 1423 1124 1502 participationem,
1146 1424 1203 1487 nisi
1225 1444 1263 1488 ex
1289 1443 1347 1488 su-

303 1527 416 1610 periori
438 1524 570 1586 essentia
593 1520 747 1584 secundae
771 1525 843 1600 post'
860 1538 926 1582 eam
951 1524 1102 1585 essentiae
1116 1523 1346 1588 derivationem.

388 1624 432 1687 lta
460 1625 551 1706 igitur
579 1638 690 1683 causae
719 1619 929 1702 primordiales
958 1625 1045 1686 unius
1070 1627 1198 1686 omniurn
1222 1643 1347 1706 causae,

304 1743 382 1808 quoe
412 1725 493 1788 Deus
516 1728 580 1801 est,
600 1727 668 1784 sunt
684 1721 937 1801 participationes,
955 1729 987 1784 ut
1007 1741 1127 1801 „earum
1149 1726 1282 1788 essentia
1305 1745 1349 1788 ex

305 1829 392 1890 huius
413 1827 546 1888 essentia
568 1825 607 1886 sit
638 1822 790 1885 derivata“
822 1821 850 1885 tr.
872 1839 899 1886 e.
922 1829 1077 1905 ,tanquam
1101 1843 1178 1908 aqua
1199 1844 1238 1890 ex
1260 1827 1349 1890 loute

304 1927 494 2010 prolluxerit“
517 1925 573 2001 (cl.
595 1921 644 2004 ΙΙΙ,
662 1922 782 2002 3-5.).
803 1961 847 1972 -

764 2085 793 2153 ς.
824 2073 873 2137 so.

385 2195 490 2275 Neque
512 2199 609 2255 tamen
623 2191 764 2254 hocloco
776 2192 996 2273 praetereunda
1016 2189 1133 2267 videtur
1154 2191 1201 2255 illa
1214 2191 1348 2256 Sallue-

305 2295 361 2358 teri
382 2296 483 2375 opinio
493 2299 554 2370 ²²),
575 2293 663 2372 plane
686 2311 805 2354 errasse
830 2291 852 2353 Ι.
886 2293 1077 2354 Goerresium
1092 2295 1153 2370 2³),
1182 2311 1270 2374 quurn
1301 2295 1348 2357 ito

264 2375 269 2391 ’
304 2397 469 2471 scriberet,
502 2395 643 2456 Naturam
676 2398 806 2455 creatam
830 2401 991 2469 creantem,
1014 2412 1099 2473 quarn
1123 2395 1254 2476 Erigone
1278 2400 1349 2456 sta-

306 2502 387 2569 tuat,
421 2511 490 2554 esse
520 2493 609 2554 tilium
648 2492 696 2553 dei
719 2492 915 2572 unigenitum.
958 2493 1088 2575 Uterque
1111 2513 1215 2556 errore
1238 2494 1348 2558 ductus

306 2602 366 2656 est:
397 2593 587 2655 Schlueterus
618 2591 754 2671 maiore,
786 2609 872 2670 quam
905 2593 1093 2661 Goerresius.
1149 2595 1223 2658 Nam
1260 2596 1346 2658 Scoli

306 2697 455 2759 sententia
480 2693 556 2754 haee
578 2695 634 2754 est.
676 2693 856 2773 Deuspater
873 2711 966 2773 usque
989 2695 1026 2756 ab
1048 2697 1226 2758 aeternitate
1239 2699 1347 2778 genuit

307 2797 363 2859 sibi
385 2795 473 2856 filiurn
496 2810 579 2855 suum
602 2793 787 2873 unigenitum
802 2797 858 2866 (cl.
881 2812 945 2875 sup.
967 2803 995 2870 §.
1021 2798 1094 2870 ll.).
1118 2796 1235 2858 Deinde
1249 2803 1347 2878 paler,

306 2899 376 2960 itern
396 2913 490 2975 usque
518 2895 555 2955 ab
584 2897 778 2972 aeternitate,
807 2898 836 2958 in
868 2894 928 2957 hoc
950 2896 1009 2957 lilio
1034 2912 1089 2958 suo
1112 2897 1226 2959 creavit
1247 2896 1293 2974 (la.
1316 2915 1346 2961 e.

307 3016 347 3059 ex
369 2996 532 3058 substantia
562 3011 616 3058 sua
648 2995 880 3058 substantialiter
910 2997 1023 3073 emisit)
1047 2997 1135 3058 totius
1153 3014 1251 3059 reruni
1273 2997 1348 3059 uni-

307 3099 458 3159 versitatis
489 3113 596 3157 causas
629 3095 857 3175 primordiales,
885 3097 1020 3177 exornplo
1045 3095 1238 3176 principalia,
1266 3113 1347 3177 quae

308 3197 440 3258 eiusdem
461 3195 549 3274 plane
572 3212 637 3256 curn
659 3193 718 3255 lrlio
740 3195 923 3257 substantiae
946 3203 1031 3273 sunt,
1053 3213 1236 3278 quorumque
1257 3213 1347 3258 cona-

307 3296 407 3376 plexio
444 3295 582 3357 Naturam
618 3295 711 3355 etlrcit
744 3302 875 3357 croatam
909 3304 1060 3358 creantem
1093 3301 1137 3372 (§.
1169 3295 1346 3374 93-99.).

308 3395 409 3474 ltaque
441 3395 550 3456 Natura
585 3399 686 3454 ereata
705 3411 831 3472 creans,
862 3395 1031 3458 universale
1051 3397 1135 3476 quasi
1156 3398 1245 3459 totius
1268 3413 1350 3458 con-

310 3493 428 3558 dendae
450 3493 653 3556 universitatis
674 3493 838 3574 exemplum
850 3495 1023 3579 principale,
1035 3513 1096 3558 non
1117 3495 1264 3559 salumin
1286 3495 1349 3559 idio

314 3685 579 3696 ———-———

344 3807 391 3874 ΩΙ)
411 3805 442 3855 ΙΙ.
464 3820 488 3855 e.
507 3819 643 3854 curraarurn
673 3804 886 3874 primordialium
909 3804 1121 3874 complexionem
1140 3808 1196 3858 rive
1215 3804 1345 3858 Naturam

408 3898 521 3942 creatam
544 3899 686 3943 creantem.
706 3893 742 3944 cf.
760 3891 784 3958 §
803 3891 845 3944 ³0.
865 3921 898 3934 --1

344 3977 390 4044 22)
410 3979 444 4032 cl.
463 3995 489 4044 p.
509 3976 604 4027 xvul.
621 3994 677 4046 req.
695 4009 729 4020 .-

345 4065 390 4132 23)
408 4065 441 4117 cl.
460 4064 568 4118 cunrad.
588 4065 699 4132 lapaut,
720 4067 771 4119 rol.
793 4066 813 4129 Ι,
832 4082 857 4135 p.
874 4061 1022 4118 atu-ult.
1044 4071 1091 4108 -'
