2938 4716
288 335 330 399 48

289 514 464 578 necessario
485 511 525 572 uti
548 509 694 585 iubemur,
723 509 791 570 dura
814 508 959 572 adversus
982 511 1210 576 Gothesoaloum
1232 531 1330 596 quen.

291 613 357 675 dam
381 610 565 691 respondere
587 608 816 689 compellimur.“
837 645 878 656 -

373 712 465 785 Quam
498 711 557 788 iste
584 705 643 770 hoo
673 707 742 770 loco
764 708 978 788 philosophiam
1001 727 1067 772 cum
1090 729 1160 774 vcra
1183 713 1332 794 religiono
1418 739 1425 754 ,

291 811 417 876 eandem
455 808 637 872 contendit?
657 845 698 857 -
730 807 822 872 Estne
855 825 913 884 ca,
950 826 1027 889 quae
1057 809 1114 872 illis
1148 815 1332 896 temporibus

288 910 484 994 cpmmuniter
517 908 576 970 hoc
599 907 720 968 nomine
740 907 956 987 appellabatur,
987 927 1123 990 quaeque
1145 913 1197 974 uix
1218 919 1269 975 aut
1288 931 1330 974 ne

286 1015 335 1076 vix
359 1012 477 1092 quidem
501 1009 676 1070 dialecticae
706 1009 782 1070 lines
815 1009 1113 1089 transgrediebatur?
1154 1014 1220 1093 lpsa
1244 1015 1330 1078 Scoti

285 1115 387 1189 verba,
408 1112 466 1172 nisi
487 1110 564 1171 lorle
587 1127 620 1187 ,a
636 1110 805 1172 contrario“
827 1117 894 1171 sunt
909 1111 1142 1190 interpretando,
1164 1130 1229 1175 eam
1243 1121 1328 1178 certo

286 1211 503 1294 philosophiam
525 1209 711 1292 significant,
740 1211 823 1272 cuius
853 1227 941 1272 unum
962 1209 1009 1272 vel
1029 1212 1198 1292 primarium
1221 1232 1328 1278 munus

285 1315 341 1379 hac
365 1313 395 1374 in
418 1329 451 1373 re
474 1317 624 1386 cernatur,
643 1317 675 1372 ut
696 1312 888 1372 instmmenla
909 1312 995 1391 quasi
1018 1329 1054 1374 ac
1081 1313 1330 1402 machinamenlp,

286 1429 411 1502 quorum
433 1429 490 1490 ope
511 1410 679 1490 philosophi
700 1411 800 1492 regias
817 1410 911 1472 moles
926 1428 996 1474 suas
1011 1413 1152 1493 excitant,
1174 1423 1329 1496 comparet

286 1521 374 1594 atque
397 1511 575 1592 suppeditet.
596 1546 637 1561 -
659 1510 744 1572 Unde
766 1517 862 1572 autem
886 1516 966 1574 tanta
989 1515 1117 1574 omnium
1140 1531 1238 1578 rerum
1254 1534 1327 1597 per..

286 1615 440 1679 turbatio?
458 1649 497 1662 -
520 1614 603 1688 Sunt,
625 1612 675 1692 qui
693 1613 760 1674 'eius
780 1629 900 1674 causam
921 1612 959 1674 ad
977 1615 1192 1693 pantheismum
1213 1615 1326 1698 Erige-

285 1719 404 1778 nianum
427 1713 623 1788 reserante).
643 1747 683 1760 -
707 1711 793 1784 Quod
817 1707 920 1774 contra
942 1713 1133 1776 Schluetcrus
1151 1715 1327 1792 allirmat⁵¹)

284 1817 380 1896 ,illam
411 1813 587 1877 sententiam
618 1823 738 1888 (veram
769 1812 987 1894 philosophiam
1018 1813 1145 1876 eandam
1167 1832 1236 1878 esse
1259 1834 1327 1878 cunr
1393 1831 1398 1840 ·

283 1934 356 1980 uera
382 1915 544 1996 religiono)
576 1914 606 1975 in
632 1914 765 1976 auctoris
793 1914 887 1974 nostri
909 1930 962 1976 ore
984 1931 1044 1976 non
1067 1915 1162 1995 magis
1184 1934 1252 1978 essa
1272 1933 1327 1978 su.
1436 1990 1441 2003 Ι

284 2023 435 2098 spectem,
456 2032 545 2095 quarn
566 2013 613 2088 id,
644 2013 723 2093 quod
740 2031 838 2094 ,prope
861 2032 964 2076 omnes
984 2031 1042 2076 ss.
1066 2021 1166 2095 patres
1187 2017 1326 2096 doceant,

284 2117 499 2180 revelationem
514 2115 631 2176 scilicet
646 2113 754 2177 Christi
771 2132 840 2176 csse
861 2131 1005 2176 summam
1027 2117 1214 2195 sapientiam,
1237 2124 1325 2198 atque

285 2234 403 2280 omnem
426 2217 581 2278 continere
602 2214 846 2295 philosophiairr‚“
862 2215 1023 2278 -Verum
1045 2216 1235 2279 Schluetems
1252 2219 1325 2280 satis

284 2324 387 2399 aperte
423 2316 573 2391 declarat,
612 2331 681 2376 scse
716 2315 792 2374 illarn
816 2313 965 2394 Erigonae
982 2317 1158 2378 senteutiam
1179 2318 1209 2378 in
1233 2319 1325 2398 ipsius
1397 2305 1399 2309 ⁸

283 2418 434 2498 Erigonae
456 2415 532 2476 libro
554 2431 592 2474 ne
614 2413 790 2493 adspexisse
811 2413 949 2492 quidemt
972 2413 1027 2487 Qui
1047 2416 1124 2476 enim
1139 2416 1201 2478 heri
1219 2419 1324 2497 potnit,

284 2522 317 2580 ut
340 2535 357 2578 a
377 2531 450 2576 aero
475 2515 539 2576 eius
561 2531 652 2576 sensu
675 2520 733 2574 lam
756 2513 859 2592 procul
882 2514 1061 2576 aberraret?
1081 2551 1121 2564 -
1143 2517 1192 2578 llla
1212 2499 1325 2598 Erige-

283 2633 343 2680 nae
363 2599 549 2697 philosophia
572 2619 654 2676 certe
676 2612 863 2676 dialecticam
887 2614 1099 2698 complectitor,
1123 2635 1209 2697 quam
1226 2611 1324 2682 tamen

285 2717 411 2798 ,Christi
434 2713 636 2778 revelatione
661 2713 809 2776 contineri
829 2731 892 2777 non
908 2714 1085 2795 dixerimus,
1108 2735 1166 2780 nec
1183 2735 1243 2782 ss.
1266 2736 1325 2800 pa-

285 2825 361 2880 trum
386 2816 540 2896 quisquam
566 2815 690 2876 dixeritl
715 2849 756 2864 -

265 2985 266 2988 ,
367 2917 460 2982 Nobis
491 2923 586 2978 autem
610 2916 646 2976 ad
669 2916 747 2978 illum
768 2916 917 3000 Erigonae
939 2913 1036 2978 locum
1061 2918 1228 3001 accuratius
1251 2935 1325 2999 per-

284 3018 469 3101 spiciendum
492 3017 645 3098 plurimum
668 3017 809 3079 conterre
832 3017 967 3094 videtur,
1000 3015 1079 3096 quod
1111 3017 1141 3078 in
1171 3017 1255 3080 libris
1285 3018 1324 3082 de

286 3118 434 3214 divisione
462 3123 638 3191 naturae⁵²)
667 3118 785 3180 scribit:
823 3134 890 3196 ,ars
924 3117 991 3197 illa,
1025 3134 1102 3196 quae
1134 3119 1322 3202 Διαλεκτική

286 3217 393 3282 dicitur
412 3234 471 3278 non
495 3217 532 3279 ab
555 3217 690 3280 humanis
716 3217 984 3281 machinationibus
1011 3223 1057 3278 est
1085 3216 1180 3296 lacta,
1208 3219 1262 3282 sed
1292 3221 1322 3283 in

284 3324 390 3382 natura
413 3335 512 3381 rerum
533 3317 569 3380 ab
592 3325 714 3380 auctore
733 3320 861 3380 omniun
883 3319 988 3380 artium
1008 3317 1140 3400 condita,
1161 3337 1178 3380 a
1199 3321 1325 3401 sapien-

285 3419 364 3482 tibus
397 3419 517 3481 inveuta
552 3424 582 3481 et
612 3417 650 3481 ad
684 3419 837 3481 utilitatem
872 3418 1003 3481 sollertis
1036 3437 1135 3481 rerum
1173 3419 1325 3503 indaginis
1432 3453 1436 3464 ·

322 3521 330 3535 .
375 3525 424 3580 a,
447 3553 488 3568 .-

283 3525 476 3682 usualilerum
500 3635 597 3698 nequo
617 3616 688 3697 hoc,
710 3617 874 3699 opinamur,
893 3617 1104 3700 negligendum
1123 3624 1180 3699 est,
1202 3619 1323 3683 Scotum

321 3858 369 3926 60)
390 3856 424 3909 el.
445 3856 466 3909 l.
485 3873 509 3908 r.
529 3855 636 3918 Gbrrca,
656 3852 757 3906 christl.
778 3851 887 3920 loyaut.
906 3852 968 3906 vot.
987 3853 1007 3918 1,
1025 3871 1052 3924 p.
1070 3851 1131 3912 243.
1150 3881 1184 3894 -

323 3946 370 4010 51)
388 3945 422 4000 cl.
441 3943 462 3996 1.
481 3944 523 3996 Sc.
543 3943 612 4010 Erig.
633 3959 660 4012 p.
677 3939 745 3992 XVI.

323 4030 369 4100 52)
388 4031 422 4084 cl.
441 4029 487 4096 tv,
504 4028 530 4084 h.
550 4059 584 4075 ..
