2944 4714
750 242 858 306 mli

728 325 883 340 ῌ

262 442 294 502 et
307 437 487 502 attestamur
501 433 634 518 qualiter
647 435 750 500 felicis
764 451 865 498 recor.
904 431 1017 498 Paulum
1030 430 1136 496 divina
1150 431 1363 518 moridentia

260 525 341 606 Papa
366 523 417 588 lll.
441 525 552 590 voleus
574 524 676 588 dictae
693 521 962 588 confraternitatis
984 519 1183 600 Conintres,
1198 521 1364 606 aliquibus

261 612 447 693 specialibus
460 611 806 694 prosequimnnerihus,
822 607 969 691 quasdam
985 609 1032 672 eis
1048 611 1205 674 concessit
1219 610 1363 692 litteras,

261 705 401 763 tenorem
418 702 471 780 qui
484 701 627 780 sequitur
642 699 846 763 continentes.

348 786 459 850 Paullus
475 787 639 868 episcopus
654 804 764 850 servus
779 801 941 849 servorum
957 781 1026 861 Dei,
1049 783 1088 846 ad
1109 791 1293 866 perpetuam
1310 789 1364 852 rei

261 875 453 939 memoriam,
473 873 625 938 Dominus
641 881 747 939 nuder
760 872 853 936 lesus
868 870 1018 949 chrislus,
1035 872 1221 936 transiturus
1235 872 1275 937 dc
1294 875 1366 940 hoc

262 961 377 1028 mundo
402 963 440 1025 ad
464 967 592 1042 patrem,
618 963 649 1025 in
665 961 769 1025 ultima
786 960 899 1038 Uoena3
924 975 984 1040 qua
998 957 1112 1022 Pascha
1134 977 1203 1023 com
1218 966 1286 1027 suls
1302 959 1366 1026 di-

261 1050 390 1129 scipulis
421 1049 633 1127 mandueavit,
663 1047 842 1112 admirabile
871 1048 1099 1112 Sauamentum
1134 1049 1365 1128 pretiosissimi

262 1137 413 1218 Corporis
428 1145 460 1201 el
474 1133 643 1220 Sanguinis
658 1137 707 1201 sui
729 1135 871 1213 instituit,
896 1153 955 1216 per
977 1133 1060 1216 quod
1085 1137 1246 1199 universis
1262 1137 1366 1202 cbri-

261 1225 383 1288 sticelis
399 1227 575 1290 memoriam
599 1242 674 1288 suae
690 1223 846 1287 charitatis
868 1222 1010 1294 eximiae,
1033 1237 1123 1303 poam
1147 1223 1181 1284 in
1204 1241 1264 1288 sua
1279 1225 1365 1290 Pas-

262 1311 366 1389 slone,
387 1313 463 1377 hora
485 1315 553 1394 eiua
573 1312 854 1394 appropinquante,
878 1309 1031 1386 ostendit,
1052 1309 1249 1374 recolerent:
1274 1313 1364 1378 unde

263 1415 322 1462 nos
337 1398 421 1463 illius
437 1402 521 1464 uices
537 1401 609 1464 llcet
625 1399 769 1463 immeriti
785 1403 931 1478 gerentes
946 1399 978 1460 in
994 1396 1098 1475 terris,
1121 1397 1261 1462 debitum
1277 1419 1365 1466 cen-

262 1501 379 1564 semus,
400 1494 435 1549 ut
450 1507 486 1552 ea
502 1505 581 1570 quae
596 1489 628 1550 in
644 1486 736 1569 hujus
751 1503 860 1548 sacro
861 1486 960 1548 saneti
976 1485 1165 1550 Samamenti
1189 1483 1365 1570 honorem,

262 1576 554 1653 etreneralioneur,
577 1575 683 1657 expia
701 1573 816 1638 Christi
830 1571 963 1637 hdelium
985 1572 1163 1649 devotione,
1186 1573 1285 1657 digne
1302 1595 1365 1640 or-

262 1657 369 1723 dinata
394 1666 618 1745 comperturos,
645 1669 680 1726 ut
699 1654 859 1744 perpetuis
883 1659 995 1724 laturis
1016 1660 1208 1742 temporibus
1231 1679 1365 1742 perma-

264 1754 358 1810 ncant
372 1757 512 1833 prompta
527 1751 705 1828 devotione,
722 1754 814 1830 prout
828 1747 928 1826 decet,
944 1748 1116 1830 apostolico
1127 1749 1287 1827 praesidio
1302 1769 1363 1816 so-

263 1833 409 1900 lidcmua=
432 1845 464 1902 ct
484 1846 518 1902 ut
540 1839 576 1903 ad
594 1837 624 1900 id
641 1837 779 1900 lldelium
796 1836 946 1900 erundem
968 1840 1053 1911 uota,
1074 1833 1196 1898 lucilius
1218 1853 1362 1903 concur-

263 1930 345 2002 rant,
362 1923 471 1990 lidelea
486 1928 570 2008 ipsos
585 1923 796 2005 spiritualibus
807 1924 1235 2003 muneribusprosequatnur,
1251 1931 1285 1988 et
1299 1943 1361 1989 eo-

263 2027 332 2074 rum
348 2012 397 2092 pla
414 2013 561 2096 suffragia
577 2013 668 2079 donis
682 2011 860 2074 coelestibus
876 2011 1107 2086 oculoveamus,
1123 2015 1157 2072 ul
1172 2012 1292 2076 exinde
1306 2013 1360 2077 di-

264 2098 357 2162 uinae
383 2102 501 2181 gratiae
525 2103 662 2182 aptiores
686 2099 867 2176 redduntur,
892 2104 924 2161 et
938 2099 1168 2163 Sacramentum
1190 2099 1304 2180 ipsum,
1325 2102 1359 2164 in

263 2185 317 2249 die
331 2189 596 2270 peregrinationis
612 2193 782 2267 extremae,
804 2185 864 2250 sibi
884 2186 954 2250 iore
969 2183 1118 2248 viaticum
1135 2184 1275 2251 salutare
1291 2207 1359 2251 ure-

263 2281 401 2338 reanlur.
426 2277 508 2340 Sane
523 2293 580 2357 pro
596 2281 683 2357 parte
698 2274 880 2338 dilectorum
897 2273 1028 2337 liliorum
1044 2274 1265 2347 universorum
1278 2293 1357 2338 ron-

265 2359 393 2425 lralrum
410 2363 673 2428 confraternitatis
688 2363 747 2426 suh
771 2361 970 2424 invocatione
991 2361 1193 2424 sacratissimi
1216 2363 1359 2445 corporis

266 2445 393 2527 christi,
417 2451 447 2512 in
472 2451 602 2514 ecclesia
623 2451 733 2515 domus
747 2449 859 2512 Beatae
875 2447 990 2511 aeriae
1012 2447 1294 2528 suprahlinervana
1321 2449 1360 2512 de

267 2533 362 2614 Urbe,
386 2537 506 2601 ordinis
528 2538 665 2601 Fratrum
682 2535 941 2615 Praedicatorum,
966 2535 1123 2599 institutae
1145 2536 1239 2600 nobis
1260 2555 1360 2619 nuper

263 2619 403 2686 exhibita
419 2625 528 2703 petilio
544 2623 729 2689 continebat.

354 2707 443 2812 Quod
464 2727 564 2792 nuper
587 2711 728 2778 nonnulli
750 2710 837 2778 cives
859 2710 1007 2789 humani,
1030 2727 1067 2773 ac
1088 2709 1224 2776 curiales
1244 2709 1358 2777 christi

266 2791 386 2875 lidelea,
408 2798 461 2880 pie
489 2801 723 2866 considerantes
744 2801 985 2864 sacratissimum
1009 2797 1225 2863 Eucharistiae
1246 2801 1358 2866 Saen-

266 2891 401 2948 mentum
431 2887 655 2968 praedictum
646 2907 678 2952 ιιι
702 2887 930 2969 parochialibus
959 2886 1110 2950 ecclesiae
1134 2886 1236 2950 dictae
1256 2886 1358 2964 Urbis,

266 2969 367 3036 minus
390 2973 580 3053 honorilice,
603 2979 664 3041 et
656 2995 688 3042 ιιι
710 2975 788 3041 loeis
811 2975 957 3075 abjectis,
981 2976 1050 3038 sine
1073 2973 1134 3037 ulla
1155 2976 1359 3042 recentiore

266 3063 457 3140 conservari,
482 3069 514 3126 ct
535 3081 603 3126 cum
626 3081 683 3144 per
709 3063 806 3145 ipsam
823 3037 935 3128 Urbem
952 3078 1009 3144 pro
1025 3063 1246 3126 cummunione
1269 3063 1356 3126 infir·

266 3163 385 3210 morum
409 3149 611 3214 deferendum
628 3157 704 3230 eret,
728 3157 759 3214 et
773 3152 811 3214 ab
822 3167 886 3215 uno
901 3155 1018 3214 lantum
1034 3148 1204 3230 capellano,
1220 3150 1293 3213 sine
1307 3149 1357 3213 ul-

265 3232 305 3297 lis
321 3235 434 3300 decore
458 3239 691 3318 elreverenlia‚
714 3236 853 3303 solitum
876 3237 1007 3301 deterri.
1028 3255 1065 3299 ac
1087 3233 1240 3318 singulari
1256 3237 1357 3302 dero·

265 3322 351 3388 tione
368 3324 461 3403 ducti,
478 3326 639 3406 cupientes
661 3325 853 3407 praemissis,
870 3332 902 3389 et
916 3331 949 3389 ut
963 3323 1065 3387 eidem
1082 3325 1282 3389 musmones
1296 3323 1357 3388 ho·

266 3425 336 3489 nor,
353 3412 465 3490 cultus,
491 3421 522 3476 at
536 3415 698 3478 veneratio
713 3412 816 3477 debita
832 3413 1068 3491 exhiberentur,
1093 3417 1240 3492 quantum
1264 3412 1295 3475 iu
1308 3413 1357 3474 eis

263 3506 342 3578 erut,
366 3501 533 3580 prouidere
548 3519 638 3565 unam
655 3503 833 3565 societatem
858 3519 914 3565 seu
933 3499 1216 3564 contratarnitatero
1239 3499 1358 3564 arnur-

264 3599 327 3666 uue
341 3603 447 3664 sexus,
464 3587 520 3651 soh
536 3587 736 3654 invocatione
747 3587 886 3670 ejusdem
897 3587 1098 3652 mentuunt
1108 3588 1251 3668 corporis
1266 3585 1359 3651 Gbrl-

264 3674 315 3749 ali,
340 3674 371 3736 in
395 3672 477 3738 dieta
502 3675 634 3740 ecclesia
657 3676 840 3742 ordinarunt
863 3683 894 3741 et
912 3675 1130 3750 instituerunt3
1153 3693 1189 3738 ac
1209 3689 1268 3755 pro
1293 3673 1359 3755 ejas

265 3761 382 3824 salubri
404 3763 594 3840 directione,
616 3769 647 3827 et
669 3763 873 3842 incremento,
897 3760 1061 3827 lateralia
1084 3777 1164 3844 quae
1185 3762 1359 3826 conserues

265 3847 527 3914 contralernilulls
543 3849 720 3930 hujusmodi
743 3867 801 3934 pro
818 3859 958 3932 tempore
974 3851 1155 3926 existentes,
1177 3865 1234 3914 seu
1258 3850 1298 3914 ab
1313 3849 1359 3911 eis

265 3951 322 4016 per
337 3935 475 4017 singulas
486 3937 681 4019 parochiales
695 3939 845 4004 ccclesias
854 3938 945 4002 Urbis
960 3937 1139 4017 praedictae
1153 3935 1293 4019 deputati
1306 3941 1360 3998 aut

132 4025 138 4038 “
264 4021 431 4103 deputandi
443 4025 622 4107 diligenter,
638 4043 675 4090 ee
690 4027 775 4091 omnl
791 4043 876 4104 cura,
892 4033 924 4089 et
938 4025 1054 4103 studio,
1070 4025 1219 4103 lacerent,
1235 4029 1268 4088 et
1280 4037 1359 4104 pao-

264 4118 419 4189 curarenl,
444 4119 477 4174 ul
492 4115 723 4179 sacramentum
746 4113 933 4194 huiusmodi,
956 4119 1017 4175 ιιιιι
1042 4113 1073 4175 iu
1089 4111 1242 4189 ldinarra,
1267 4124 1359 4192 ιιιιιι

264 4198 398 4282 singulis
419 4197 490 4263 allis
510 4199 739 4281 parochialibus
760 4201 903 4266 ecclesiis
919 4199 1009 4264 Urbis
1032 4197 1221 4282 hujusmodi,
1245 4215 1282 4262 ea
1298 4215 1357 4281 pua
