2938 4716
1126 359 1167 424 st

134 537 427 604 animadvertendam
459 542 523 615 est,
544 536 645 602 uitiosa
674 538 773 604 hocce
794 538 865 604 loco
889 557 956 604 earn
979 543 1074 624 ipsam
1095 559 1173 622 rem,
1221 551 1227 566 ¹

131 659 213 722 quam
236 640 397 703 essentiam
416 638 524 702 scotos
546 645 647 718 uocat,
669 642 760 704 etiam
782 642 968 704 substantiae
986 644 1107 706 nomina
1128 644 1166 706 ab

131 741 343 822 coappellari,
371 757 431 802 noc
456 755 517 800 non
538 740 612 800 satis
635 747 777 804 accurata
798 743 837 806 ita
861 743 1014 821 describi,
1037 751 1069 806 ut
1097 763 1171 808 vera

131 861 165 904 sc
192 843 313 923 proprie
345 841 539 902 substantiam
572 857 743 921 agnoscere
774 845 874 906 coacti
902 845 1006 909 simus.
1059 843 1092 906 in
1115 862 1172 908 se-

132 944 228 1004 cundo
250 941 289 1004 da
322 940 383 1002 div.
412 947 473 1002 nat.
507 947 590 1020 (cap.
614 947 678 1018 9.)=
709 941 833 1019 ,opida
852 944 910 1022 ait,
935 945 978 1022 ,si
1004 951 1172 1008 creaturam

131 1045 260 1106 creatori
293 1043 529 1104 adiunxeris-
551 1042 591 1102 ita
620 1048 653 1103 ut
681 1041 754 1104 nitrii
784 1043 863 1106 atiud
900 1045 929 1106 in
957 1061 994 1106 ea
1023 1045 1172 1124 inteiligas

112 1129 251 1224 ¹piaeter·
271 1144 376 1223 ipsum,
400 1141 449 1222 qui
471 1140 555 1204 solus
570 1157 642 1202 vcro
665 1142 848 1206 esti—Nil
871 1145 949 1206 enim
970 1150 1054 1206 extra
1075 1145 1171 1224 ipsum

130 1261 201 1306 rcrc
224 1244 387 1305 essentiale
408 1241 536 1320 dicitur,
572 1245 641 1322 quia
665 1242 785 1319 monia,
807 1260 883 1321 quae
908 1244 946 1306 ab
968 1261 1006 1306 eo
1030 1251 1109 1324 sunt,
1130 1243 1172 1312 nit

131 1345 207 1406 airud
227 1350 315 1421 sunt,
348 1345 378 1406 in
402 1349 542 1422 quantum
564 1349 644 1420 sunt,
665 1343 723 1406 nisi
744 1345 930 1424 participatio
956 1346 1057 1426 ipsius,
1080 1347 1170 1426 quia

130 1463 163 1506 sa
184 1447 248 1526 ipso
273 1443 357 1506 solus
378 1461 432 1524 per
452 1461 487 1504 se
511 1445 606 1523 ipsum
627 1444 774 1508 subsistit.
816 1445 888 1508 Nurn
909 1446 1055 1528 negabis,
1077 1463 1169 1508 orca-

133 1553 223 1607 torem
246 1551 278 1608 ot
303 1550 468 1607 creaturam
491 1560 579 1604 uuum
598 1543 695 1606 esso?
718 1545 845 1608 -Nou
872 1545 975 1609 tacite:
998 1545 1068 1610 huic
1089 1549 1169 1614 enin

131 1649 269 1710 resistcre
291 1643 483 1708 ridiculosum
500 1643 658 1706 videtor“i

595 1791 625 1860 ς.
650 1780 696 1843 aa.

207 1895 273 1959 Huc
304 1897 373 1959 item
404 1903 451 1959 est
473 1897 683 1974 referendum,
716 1898 795 1977 quod
818 1899 927 1960 Noster
948 1903 1023 1977 (sup.
1046 1905 1075 1972 §.
1101 1897 1167 1975 14.)

132 1995 272 2078 affirmat,
305 1997 364 2059 deo
395 1997 467 2059 nihii
499 2015 622 2079 prorsus
662 2000 789 2077 opponi,
810 2015 866 2077 qua
889 2015 923 2058 re
944 1997 1012 2074 stit,
1036 2004 1078 2074 ut,
1100 2015 1167 2059 cunr

133 2099 317 2178 ,essentiae“
348 2105 516 2179 opponatur
549 2099 729 2177 „nihilum“,
763 2097 837 2158 deus
874 2115 934 2159 non
965 2098 1004 2158 sit
1025 2099 1168 2174 essentia,

133 2201 184 2262 sed
206 2200 292 2281 pius,
329 2217 417 2280 quam
456 2201 587 2261 essentia
622 2201 687 2264 siva
717 2199 1004 2280 suppcrcssentiutis.
1046 2194 1169 2261 Namsi

130 2317 187 2362 non
209 2307 266 2376 cst,
288 2299 367 2381 quod
391 2299 448 2362 deo
470 2305 652 2382 opponatur,
683 2299 742 2362 troc
765 2307 848 2361 certe
869 2297 1094 2362 concedendurn
1116 2317 1169 2360 ar-

130 2397 287 2478 bitramur,
308 2400 379 2462 nihil
400 2419 468 2462 esse
496 2408 617 2481 practer
650 2401 737 2462 deum
760 2401 788 2461 h.
813 2418 842 2462 c.
864 2401 950 2462 deum
974 2417 1054 2479 esse,
1076 2397 1168 2480 quid-

132 2501 197 2582 quid
221 2507 279 2563 est.
299 2499 362 2563 Hac
386 2507 483 2564 autem
506 2519 540 2564 rc
563 2503 652 2563 missa
666 2519 825 2581 sequamur
844 2501 1064 2563 consectarium
1086 2499 1178 2581 ittnd,

132 2601 207 2680 quod
228 2603 336 2664 Scotus
357 2601 422 2682 ipse
444 2603 606 2682 proposuit,
627 2601 724 2678 deum,
747 2619 834 2681 quum
860 2601 1044 2680 ,essentiae“
1067 2617 1167 2682 oppo-

131 2708 215 2764 natur
237 2701 406 2781 ,nihilum,“
431 2719 491 2762 non
515 2701 684 2776 essentiam,
707 2702 761 2763 sed
785 2701 859 2782 ptus,
892 2719 978 2782 qoam
1002 2701 1165 2762 essentiam

132 2819 197 2865 esse
219 2805 285 2866 sive
310 2803 619 2884 supperessentiaiem.
663 2801 743 2863 ilaec
765 2803 854 2882 igitur
875 2801 1166 2883 superessentialitas

131 2911 284 2983 propterea
318 2903 507 2988 denomino
553 2901 653 2962 divino
689 2901 935 2980 praedicaturi),
969 2901 1047 2981 quod
1077 2917 1165 2980 supra

133 3002 205 3065 ittarn
227 3005 445 3084 ,essentiam,“
477 3003 525 3065 cui
554 3003 711 3081 opponitur
743 3001 914 3080 ,nihilum
947 3013 1027 3081 (sup.
1051 3007 1077 3076 §.
1110 3001 1166 3077 8.),

134 3103 170 3164 ita
192 3091 413 3186 quodammodo
436 3104 475 3165 sit
496 3103 695 3180 coustitutum,
716 3110 747 3164 ut
766 3103 858 3182 ipsum
881 3106 920 3165 sit
941 3104 1025 3183 quasi
1050 3101 1165 3162 tertium

132 3205 288 3284 quoddam,
309 3221 368 3286 quo
393 3203 454 3284 itta,
475 3221 552 3286 quae
573 3205 651 3266 inter
671 3221 706 3266 sc
727 3210 796 3265 suot
814 3205 961 3285 opposita,
974 3201 1060 3266 simul
1083 3219 1165 3264 com.

131 3394 359 3409 ——n

180 3535 397 3606 &Quamquam
424 3535 484 3587 aliis
503 3535 568 3588 iocis
587 3539 668 3588 etiam
696 3536 755 3586 aliis
774 3536 910 3587 decausis
928 3551 1027 3588 nomen
1046 3536 1166 3588 divinum

226 3625 326 3676 dicitur
350 3625 589 3692 superessentiale,
618 3626 693 3676 vetut
721 3624 800 3685 ideo,
834 3623 907 3694 qood
927 3641 1005 3692 sopra
1024 3626 1112 3676 omnio
1132 3625 1166 3674 tt-

227 3713 380 3763 lostriorem
409 3713 484 3781 quusi
505 3713 636 3764 essentiae
664 3713 751 3762 locum
772 3711 910 3773 obtineat,
935 3711 1009 3781 qood
1030 3712 1165 3762 nomnium

230 3801 407 3852 essentiarum
429 3800 490 3850 sons
505 3799 554 3852 sita
577 3829 609 3840 -
629 3808 657 3851 et
675 3817 743 3870 quoe
762 3806 824 3850 strot
843 3799 947 3868 generis
961 3799 1091 3852 eiusdem.
1111 3797 1166 3848 Sed

225 3903 297 3940 nunc
326 3905 382 3938 nou
412 3895 452 3938 est
480 3887 522 3937 iris
548 3888 631 3938 loeus.
677 3888 740 3938 illas
766 3893 855 3937 auteur
883 3887 1076 3956 explicationes
1102 3884 1166 3936 iterio

227 3981 349 4034 nostroe,
380 3991 458 4043 qnam
490 3973 620 4026 hocloco
641 3973 832 4046 proponimus,
853 3971 922 4026 nihii
944 3971 1077 4035 reluctari,
1096 3971 1165 4025 intra

227 4057 260 4130 (5.
279 4059 336 4126 22.)
355 4057 557 4112 declarabimus.
577 4089 611 4100 —

1225 713 1235 748 t
