2940 4710
629 254 838 356 ...²22-

267 401 298 466 9·
320 402 1283 488 sigebertusilemhilae(†1113)Chron.(1ionquet

182 501 220 566 X.
238 507 328 584 216.)
374 511 476 574 Multa
493 512 634 596 prodigia
650 513 717 576 sisa
742 519 826 576 sunt.
855 513 971 576 Terrae
984 519 1086 577 motus
1109 514 1284 576 natumst

182 617 401 698 permaximus,
423 619 566 681 Cometes
585 621 730 705 apparuit
744 617 891 685 Calendis
905 620 1062 683 ianuariis
1078 622 1160 682 eirea
1173 619 1283 680 horam

183 719 213 781 9.
231 721 349 802 Aperte
368 724 456 788 eoeio
473 729 562 808 quasi
582 725 684 790 lanula
705 727 816 790 ardens
839 748 909 791 cum
925 727 1017 808 lengo
1034 733 1136 788 traete
1151 721 1283 804 fulguris

183 823 285 887 instar
303 827 445 896 liiahitur
468 835 560 898 terris
582 843 668 898 tanto
692 833 876 919 splendore,
905 839 942 896 ut
965 850 1027 894 non
1045 831 1150 910 modo,
1175 831 1229 912 qui
1250 831 1283 891 in

183 933 268 1012 egris
295 943 399 1018 erant,
431 940 488 1004 sesi
511 943 603 1003 ettam
633 943 667 1004 in
697 943 791 1006 terris
820 943 941 1024 irrupto
971 938 1087 1001 lumine
1105 936 1284 999 ferirentur.

186 1038 254 1116 Qua
276 1035 356 1105 eu'eii
374 1049 512 1110 scissura
529 1049 635 1111 statim
651 1057 863 1129 evanescente,
886 1047 1011 1112 interim
1028 1045 1095 1107 visa
1118 1049 1167 1106 est
1184 1045 1285 1124 ligura

184 1147 275 1224 quasi
290 1155 445 1233 serpentis
462 1155 564 1236 eapite
582 1174 722 1218 creseere
740 1175 810 1219 eum
827 1151 979 1218 eaensleis
995 1149 1105 1215 oeulis.

276 1256 380 1328 (Anno
408 1260 654 1336 DCCCGXCil.)
701 1262 808 1325 Remis
848 1259 974 1342 Synudo
1007 1259 1106 1320 totius
1135 1255 1284 1320 Franelue

187 1370 383 1443 congregata.
408 1364 590 1451 Arnulphus
603 1387 700 1452 nepos
714 1368 820 1432 Caroli
832 1369 946 1446 Ducis,
968 1365 1140 1447 quemipse
1154 1357 1285 1426 carolus

188 1465 380 1552 Episcopum
404 1469 510 1536 Remis
538 1475 763 1554 substituerat,
795 1476 931 1537 emnium
946 1471 1067 1557 judicio
1089 1468 1287 1532 exordinatus

193 1571 367 1657 s'lamnmur,
379 1579 599 1662 ethdeigarius
607 1581 784 1662 Presbyter,
806 1577 1120 1662 quinrhemprodidit
1133 1582 1166 1638 et
1179 1581 1286 1657 portas

190 1679 303 1744 Garoio
321 1687 462 1767 apernit,
483 1684 691 1750 insoiahiliter
708 1687 999 1751 excommunicatur.
1023 1686 1194 1747 Gerhertus
1211 1683 1286 1745 sub·

185 1787 328 1850 stituitur
351 1791 548 1877 Episcopus,
583 1791 639 1856 set
668 1794 854 1876 quibusdam
878 1813 1020 1856 cannam
1044 1787 1284 1867 ventilantibus,

185 1909 247 1954 non
268 1899 410 1978 potuisse
434 1897 597 1981 degradari
619 1900 736 1982 absque
760 1901 892 1963 seientia
918 1906 950 1960 et
977 1899 1162 1961 auctoritate
1182 1895 1284 1978 Papae

106 2008 110 2019 '
184 1997 337 2082 Romani,
371 2005 542 2069 (letbertus
566 2004 728 2088 depositus
753 2006 792 2069 ad
820 2005 976 2070 othonem
1005 2005 1226 2086 Imperatorem
1249 2017 1284 2060 se

185 2105 335 2172 eontulit:
374 2131 464 2193 quem
487 2115 656 2196 imperator
679 2118 857 2196 receptum,
892 2111 993 2196 primo
1022 2129 1092 2172 eum
1119 2107 1282 2170 Ravennae

182 2213 462 2300 Arehiepiscopnm
479 2225 511 2280 et
523 2227 634 2300 postea
650 2221 814 2284 constituit
829 2220 942 2299 Papam
959 2217 1191 2280 Romanum...

270 2323 317 2404 (p.
333 2323 422 2397 217.)
448 2325 538 2388 Anno
554 2325 782 2392 DGGCCXOV.
808 2325 989 2403 (larhertos,
1011 2321 1065 2404 qui
1079 2327 1111 2384 et
1126 2314 1286 2400 sylvester

182 2423 339 2490 Romanae
373 2427 534 2494 Ecclesiae
570 2430 737 2515 praesidet
778 2431 911 2514 Quidam
941 2429 1075 2494 transito
1106 2423 1285 2506 sylvestro,

184 2532 352 2614 Aganitam
393 2535 507 2620 Papam
534 2536 594 2600 hoe
626 2541 659 2602 in
689 2533 760 2600 loeo
795 2543 935 2622 ponunt,
975 2535 1058 2619 quod
1092 2551 1156 2594 non
1185 2531 1285 2593 otiose

182 2637 298 2702 laetum
319 2661 388 2704 esse
412 2644 560 2709 creditur.
589 2647 670 2727 Quia
688 2647 771 2708 enim
788 2647 816 2708 le
838 2644 997 2725 sylvester
1013 2659 1076 2704 non
1091 2659 1149 2724 per
1169 2637 1283 2701 ostium

184 2745 317 2809 intrasse
341 2747 458 2812 dieitur
479 2752 613 2835 (quippe
633 2754 685 2832 qui
701 2771 719 2814 a
734 2752 919 2832 quibusdam
935 2752 1029 2814 etiam
1050 2745 1282 2829 nigromantiae,

184 2855 334 2934 arguitur,
355 2855 392 2917 (le
411 2861 509 2918 morte
526 2875 647 2938 quoque
664 2860 732 2940 ejus
746 2877 810 2920 non
826 2865 910 2920 reete
927 2861 1098 2934 tractatur,
1118 2848 1282 2915 aliiaholn

183 2961 266 3021 enim
281 2979 447 3042 pereussos
464 2962 580 3026 (licitur
595 2964 733 3046 obtine3
757 2983 849 3046 quam
864 2983 932 3026 rem
947 2983 1004 3025 nos
1019 2963 1052 3024 in
1068 2961 1170 3024 medio
1188 2955 1283 3020 relin-

189 3066 345 3145 quimus),
360 3087 378 3129 a
394 3088 522 3130 nurnero
538 3069 691 3153 Paparum
707 3070 851 3133 eseiuaus
869 3069 1003 3133 videtur.

268 3173 318 3238 10.
345 3175 460 3257 Ilugo
490 3173 671 3243 Florian.
697 3177 975 3242 Ahhresiatio
998 3174 1108 3237 (lest.
1133 3171 1281 3236 Frena.

182 3275 339 3360 Regum.
358 3283 518 3362 (Bouquet
536 3281 573 3346 Χ.
591 3283 681 3360 226.)
717 3285 752 3346 in
770 3286 860 3370 enjus
880 3279 1068 3368 (Annulphi)
1090 3277 1193 3340 loenm
1210 3276 1275 3337 Gir·

183 3383 307 3447 bertum
336 3385 524 3452 Monachum
549 3391 775 3476 Philosophum
800 3388 976 3453 consecrari
1003 3387 1096 3466 lenit,
1136 3402 1172 3446 eo
1199 3377 1283 3464 quot

181 3487 284 3552 iuerat
306 3496 454 3574 magister
477 3495 608 3560 Roherti
632 3499 725 3580 Regis
747 3497 805 3562 flltt
825 3498 878 3561 sui
895 3501 927 3558 et
950 3493 1066 3557 alemini
1091 3490 1282 3568 Leutheriei,

182 3601 292 3676 postea
308 3597 465 3664 Senonum
480 3603 729 3689 Archiepiseopl.
760 3605 912 3686 Seguinus
932 3621 1005 3664 vero
1019 3598 1284 3683 Archiepiseopus

182 3700 271 3764 nullo
291 3705 384 3768 motio
408 3712 585 3774 consentire
603 3711 703 3774 voluit
719 3711 931 3792 degradationi
950 3706 1117 3792 Arnulphi,
1135 3724 1193 3767 nee
1210 3703 1285 3764 (lir-

182 3808 264 3872 herti
283 3817 530 3896 consecrationi,
557 3817 633 3882 iicet
652 3825 777 3898 urgeret
792 3837 862 3880 eum
872 3819 975 3902 jussio
998 3816 1112 3896 Regin
1134 3809 1190 3874 sed
1210 3806 1282 3890 plus

179 3911 297 3996 ileum,
319 3939 410 4001 quam
427 3928 584 3988 terrenum
601 3925 717 4008 Regem
734 3925 864 4002 timens,
895 3925 928 3986 in
945 3929 1093 4003 quantum
1111 3917 1216 4002 potuit
1231 3935 1282 3977 re-

179 4022 280 4084 stitit:
310 4045 371 4106 que
387 4045 480 4093 eausa
500 4031 547 4093 ira
570 4031 667 4112 Regis
684 4033 718 4092 in
733 4050 803 4093 eum
820 4031 974 4094 efferbuit.
1005 4031 1073 4108 Quo
1091 4023 1198 4088 ausiito
1217 4020 1282 4081 lio-

176 4143 285 4194 manus
302 4131 444 4198 Pontifex
452 4137 640 4222 Episcopus,
661 4138 716 4221 qui
728 4135 917 4201 ordinationi
926 4133 1067 4200 (iirherti
1084 4139 1117 4196 et
1125 4124 1281 4210 ammoni
