2934 4710
291 333 349 398 ltu

290 492 358 595 que,
380 514 466 596 quud·
491 515 521 576 in
551 514 589 577 iia
619 512 701 591 iecit,
723 511 869 592 quodque
905 511 936 572 iu
965 511 1033 591 ipso
1065 510 1208 590 subsistit,
1227 515 1339 590 norit3

291 615 371 700 quud
403 623 500 680 autern
535 615 651 678 iliorum
682 613 834 693 perversis
866 613 994 676 motibus
1016 619 1180 679 batanea
1201 631 1235 677 se
1256 615 1339 676 sub·

290 718 409 780 stitutae
442 715 570 794 accidit,
603 716 725 786 omnino
756 715 885 795 ignorat
916 713 967 795 (ΙΙ,
998 713 1036 776 tt
1070 704 1149 799 [tt.
1177 733 1205 795 p.
1229 716 1339 794 9594)

291 819 392 897 Atque
416 817 493 880 banc
518 817 610 898 ipsam
644 834 707 878 rem
737 801 973 877 Scotus'iisdem
992 815 1205 895 propemodum
1229 815 1339 878 verbis

278 902 413 996 'saepius
437 915 528 979 dboet
564 917 619 992 (ci.
647 915 686 994 ΙΙ,
707 917 768 991 98ς
799 914 894 978 ciusd.
924 914 964 977 de
1000 915 1150 995 praedest.
1174 933 1238 996 sup.
1264 933 1338 997 cap.

290 1019 340 1097 ΙΙΙ,
366 1003 438 1080 nott.
462 1018 502 1080 ΙΙΙ
522 1026 633 1098 seqq).
678 1017 744 1090 Quo
765 1022 863 1079 autem
885 1023 973 1096 pacto
995 1017 1024 1077 iu
1047 1016 1173 1079 occultis
1192 1015 1339 1097 philoso-

291 1119 381 1198 phiae
405 1117 606 1200 Erigenianoe
630 1119 744 1180 sinibus
765 1124 834 1178 nata
856 1117 906 1190 sit,
927 1119 985 1179 iam
1009 1135 1098 1198 supra
1122 1124 1167 1192 (ς.
1193 1119 1261 1192 lb.)
1283 1117 1341 1178 in-

293 1217 467 1280 dicavimus.
501 1218 600 1291 Quare
624 1218 732 1280 Sootus
754 1225 856 1280 noster
880 1235 993 1297 parum,
1012 1223 1042 1279 ut
1064 1217 1341 1295 arbitramur,‘sibi

296 1324 519 1380 consentaneus
540 1319 594 1382 suit
615 1319 644 1380 iu
668 1318 737 1396 boo,
759 1319 839 1399 quod
862 1316 1011 1382 nonnullis
1032 1317 1120 1395 locis,
1137 1335 1250 1399 quaea
1274 1317 1339 1380 deo

294 1417 323 1478 in
349 1417 518 1480 bominibus
542 1419 621 1480 iacta
644 1419 818 1498 creduntur,
838 1419 1001 1482 secumdum
1025 1417 1183 1500 Erigonae·
1197 1417 1341 1498 pbiloso-

293 1517 392 1598 phiam
414 1525 512 1582 autem
543 1526 666 1600 propter
694 1525 851 1600 peccatum
874 1519 960 1600 primi
974 1519 1103 1581 bominis
1124 1521 1162 1582 iis
1184 1518 1340 1581 accidisse

296 1623 365 1680 sunt
387 1617 532 1696 dicenda,
564 1619 634 1682 ideo
657 1637 675 1682 a
703 1636 819 1682 summo
841 1620 961 1696 numine
981 1618 1082 1680 divino
1106 1621 1136 1681 in
1161 1620 1233 1699 ipsis
1255 1619 1340 1681 iacta

296 1735 366 1780 esse
388 1718 565 1798 affirmauit,
579 1719 671 1801 quod,
697 1720 763 1782 iore
786 1726 817 1782 ut
836 1720 948 1799 primus
966 1719 1057 1781 bomo
1071 1725 1223 1800 peccaret,
1244 1735 1343 1800 prae-

296 1819 437 1881 scivisset
459 1857 500 1870 -
520 1820 584 1898 (ΙΙΙ,
620 1819 657 1884 tt
690 1820 750 1902 [ed.
782 1819 840 1882 Ox.
860 1837 889 1900 p.
916 1819 1062 1898 195],93
1086 1819 1169 1896 [ibid.
1192 1837 1221 1899 p.
1243 1820 1341 1898 91613

239 1934 247 1956 ·
297 1919 338 1982 ci.
363 1920 399 1995 ΙΙ,
421 1921 485 1996 12).
539 1921 641 2002 Neque
665 1920 788 1984 hercuie
809 1923 1004 2002 ignoramus,
1027 1938 1114 2000 quom
1137 1919 1247 1982 Noster
1271 1939 1344 1982 ma-

298 2019 383 2083 nibus
406 2020 604 2102 pedibusque,
627 2028 657 2084 ut
677 2022 769 2100 aiunt,
792 2039 830 2084 ne
851 2021 943 2102 ipsius
966 2018 1152 2101 phiioaopbia
1182 2019 1343 2083 doctrinae

298 2117 479 2184 christianae
511 2122 667 2186 adversari
689 2121 845 2200 videatur,
869 2122 980 2184 obnixe
1003 2119 1104 2182 iacere
1127 2123 1343 2198 consueverim

299 2237 355 2300 qua
377 2220 406 2280 in
429 2238 474 2298 re,
495 2228 525 2284 ut
559 2221 667 2284 alicubi
698 2221 821 2284 aiteram
843 2223 963 2284 atterius
986 2221 1144 2296 commodo
1165 2221 1254 2283 nimis
1274 2224 1344 2284 cir-

299 2319 493 2398 cumcideret,
516 2321 665 2398 tacittime,
689 2322 857 2402 opinamur,
878 2321 942 2384 beri
967 2323 1069 2402 potuit.

384 2420 498 2493 Quodsi
532 2423 606 2484 deus
637 2440 745 2485 revera
774 2424 872 2485 omnia
900 2429 1025 2502 peccota
1046 2425 1164 2502 putatur
1184 2419 1343 2500 ignorare,

301 2536 402 2582 nonne
434 2506 522 2584 etiam
554 2524 620 2602 ipsa
650 2541 689 2586 ne
720 2539 827 2586 curare
860 2522 978 2602 quidam
1013 2528 1059 2584 est
1090 2520 1263 2602 putandus?
1301 2557 1342 2571 -

179 2659 182 2666 -
301 2617 378 2680 iiiuc
411 2622 566 2686 coniicitur
599 2641 658 2686 non
691 2623 809 2698 sutum,
836 2629 885 2699 ut,
907 2623 956 2702 qui
977 2624 1135 2702 peccavit,
1157 2639 1174 2683 a
1198 2621 1255 2682 deo
1277 2637 1342 2682 non

302 2720 455 2798 punimur,
490 2721 518 2784 id
552 2723 631 2802 quod
664 2726 771 2788 Scotus
804 2725 868 2802 ipse
897 2730 927 2785 et
958 2724 988 2784 in
1020 2722 1096 2784 libro
1129 2720 1167 2782 de
1189 2719 1343 2800 praedest.

303 2819 357 2892 (ci.
387 2837 450 2900 sup.
484 2840 548 2901 cap.
583 2822 636 2898 {VJ
668 2830 697 2885 ct
730 2826 760 2886 in
792 2825 876 2886 iibris
906 2824 944 2884 de
968 2822 1117 2885 diuisione
1138 2828 1264 2882 naturae
1285 2822 1344 2898 (ci.

304 2919 355 2980 ini.
381 2928 410 2996 s.
435 2921 484 2999 59,
508 2921 538 2984 B.
563 2923 627 3002 lv.)
664 2926 817 3004 expressis
845 2923 947 2986 verbis
978 2923 1099 3000 docuit,
1129 2923 1346 2983 verumetiam

307 3021 430 3082 aiterum
453 3023 529 3084 istud
562 3023 650 3085 multo
685 3025 790 3101 maius,
812 3031 854 3100 ut,
876 3026 902 3087 si
924 3043 980 3104 qua
1003 3026 1033 3086 io
1055 3041 1090 3085 re
1113 3039 1227 3084 mortum
1252 3039 1346 3102 praa·
1452 3029 1453 3034 ’

306 3128 392 3200 cepio
426 3129 477 3184 aut
503 3125 595 3186 simus
623 3125 795 3204 migraturi,
827 3130 878 3188 aut
908 3124 1155 3206 migraverimus,
1186 3139 1224 3183 ue
1246 3121 1276 3182 in
1296 3122 1346 3183 ul-

307 3219 365 3280 iam
387 3221 506 3301 quidem
528 3225 634 3285 summi
658 3224 746 3302 iliius,
768 3242 827 3308 quo
850 3243 906 3288 nos
923 3225 997 3286 deus
1014 3222 1235 3303 complectatur,
1258 3237 1347 3283 amo·

307 3321 350 3381 ris
385 3321 600 3400 cogitationem
629 3323 758 3400 deduci,
783 3332 873 3404 atque
894 3325 951 3387 bac
971 3341 1017 3399 re,
1037 3341 1114 3402 quae
1137 3321 1273 3402 proiecto
1296 3321 1348 3382 in-·

308 3421 415 3500 goonis
449 3421 617 3486 bominibus
645 3425 822 3486 acerrimum
856 3425 1002 3488 stimulum
1035 3422 1150 3485 addere
1172 3421 1283 3496 debet,
1308 3422 1347 3482 ab

310 3519 463 3582 erroribus
483 3524 594 3585 nostris
625 3525 774 3603 possimus
803 3523 921 3586 abduci.
968 3525 1031 3586 Nec
1051 3521 1128 3584 male
1149 3538 1255 3583 sanum
1278 3520 1349 3600 qui·-

312 3617 398 3695 dem,
431 3627 589 3700 propterea
620 3625 700 3704 quod
737 3631 861 3705 paterna
896 3625 946 3686 dei
982 3625 1118 3712 caritatex
1138 3622 1289 3701 indignum
1314 3637 1350 3682 se

311 3720 514 3798 praestiterit,
544 3739 689 3801 peccasse
708 3725 864 3804 poenitere
883 3731 981 3805 queat.
1004 3757 1045 3774 υ
1066 3723 1127 3787 Sed
1148 3739 1228 3799 mox,
1249 3737 1350 3799 expo-

313 3818 382 3895 sito,
406 3821 611 3897 quaesomus
634 3824 672 3886 de
695 3832 885 3904 peccaturum
908 3826 1015 3906 paenis
1040 3823 1164 3900 senbat,
1186 3821 1269 3902 plora
1292 3819 1350 3882 bac

315 3917 353 3979 de
374 3935 407 3980 re
429 3919 571 3983 dicemus.
595 3959 635 3970 -

398 4018 431 4080 V.
477 4021 732 4094 Quemadmodum
754 4023 844 4105 igituir
867 4023 975 4088 scotus
990 4023 1023 4086 in
1045 4022 1123 4088 iibru
1145 4019 1350 4101 depraedost.
