2934 4710
272 345 331 409 124

269 541 414 604 neamus,
444 523 568 588 alteram
590 521 643 586 .ad
676 521 756 586 hane
785 521 961 588 referamus.
1011 523 1094 588 lluee
1123 525 1256 588 enimet
1279 523 1315 586 in

269 625 354 690 libris
376 625 414 687 de
436 624 525 688 divis.
550 629 676 686 naturae
704 625 824 706 saepius
854 625 984 689 occurrit
1004 625 1060 704 (cl.
1084 625 1119 702 V,
1140 626 1205 705 99),
1226 632 1257 688 et
1278 627 1312 688 in

269 725 346 790 libro
368 726 406 788 de
433 723 583 806 praedest.
619 724 763 802 docetur,
792 742 850 788 nec
879 742 941 788 non
968 726 1050 789 Secti
1079 727 1247 790 sententiae
1271 725 1314 788 de

269 832 397 908 peceato
416 824 508 906 longe
527 822 633 886 melius
651 825 799 906 congruit,
822 840 909 904 quam
931 824 992 888 illa.
1024 824 1081 899 Qui
1104 826 1141 888 ab
1161 826 1211 903 iis,
1232 843 1314 904 quae

269 943 343 989 vere
371 931 458 1002 sunt,
487 923 636 987 recedens
666 923 704 986 ad
728 941 765 987 ea
786 924 893 1003 tendit,
913 941 992 1005 quae
1013 942 1074 988 non
1093 931 1173 1000 sunt,
1193 931 1313 1008 peccat.

271 1025 366 1102 Quem
394 1025 485 1106 igitur
516 1024 586 1086 huic
608 1023 721 1087 homini
744 1024 900 1105 dolorem,
923 1027 973 1104 qui
995 1025 1114 1105 quidem
1135 1025 1191 1105 ipsi
1211 1023 1317 1086 utilior

270 1128 319 1204 sit,
341 1129 461 1190 inurere
483 1141 589 1205 queas,
612 1141 699 1205 quam
721 1127 747 1188 si
762 1144 786 1187 -c
806 1127 1035 1206 perversissimo
1053 1127 1111 1188 isto
1126 1133 1207 1188 motu
1228 1131 1317 1188 reete

272 1243 340 1290 eum
363 1243 400 1288 ac
421 1224 594 1307 simpliciter
617 1227 806 1308 prohibeas?

373 1326 437 1390 Nee
459 1333 558 1389 lamen
581 1328 664 1406 prior
684 1327 733 1390 illa
755 1329 902 1390 sententia
926 1333 973 1390 est
994 1315 1198 1410 negligendae
1225 1342 1317 1386 nam-

273 1445 331 1508 que
353 1427 420 1490 solo
439 1426 517 1490 illius
541 1427 653 1490 auxilio
674 1428 782 1491 Scotus
812 1429 850 1492 ad
874 1429 1072 1508 posteriorem
1092 1426 1232 1488 tuendam
1256 1442 1319 1486 va-

273 1527 323 1590 let
367 1527 462 1602 Quam
494 1545 557 1589 rem
586 1529 690 1608 paucis
720 1531 897 1608 aperiemus.
940 1528 1049 1610 impios
1072 1528 1162 1610 igitur
1182 1525 1317 1588 aeternis

273 1629 380 1708 poenis
402 1627 539 1690 allectum
572 1629 609 1690 iri
640 1627 750 1690 docuit.
804 1629 879 1692 lline
902 1630 1070 1709 posteriore
1093 1627 1142 1691 illa
1165 1627 1318 1689 sententia

275 1729 448 1812 constituta,
480 1735 587 1809 sponte
617 1727 760 1805 ellieitur,
792 1729 858 1792 lore
879 1731 908 1791 in
932 1735 1099 1806 aeternum,
1122 1728 1171 1810 qui
1193 1727 1320 1806 adres,

274 1846 351 1910 quae
375 1845 437 1891 non
458 1845 528 1890 esse
552 1828 700 1908 dicuntur,
722 1828 882 1908 festinent,
916 1837 1005 1910 atque
1030 1829 1067 1893 ab
1090 1828 1150 1890 hoc
1171 1842 1321 1909 perverso

274 1936 358 1992 motu
378 1931 465 2012 quusi
483 1927 616 1994 violenta
638 1948 728 1993 manu
749 1931 943 1994 retineantur.
1013 1931 1113 2016 Hasce
1133 1935 1231 1992 autem
1253 1943 1321 2004 res,

273 2037 306 2094 ut
338 2030 417 2095 inlra
443 2030 627 2108 videbimus,
653 2031 784 2113 Erigena
815 2039 958 2113 perpetuo
987 2047 1142 2095 mensures
1166 2046 1236 2092 esse
1256 2044 1321 2089 ne-

274 2138 338 2214 gat,
360 2147 429 2194 nam
455 2138 525 2211 post
559 2131 663 2210 „huius
698 2131 840 2210 saeculi«,
864 2139 894 2194 ut
916 2135 968 2211 ait,
994 2131 1321 2212 „consummationem“

276 2267 317 2280 -
339 2246 400 2292 non
433 2229 558 2310 amplius
590 2237 684 2292 erunt.
744 2231 820 2305 Quid
843 2232 940 2294 inde?
974 2233 1155 2311 Simulatque
1180 2231 1248 2292 illae
1266 2245 1322 2291 res

275 2346 445 2407 evanuere,
478 2347 568 2392 nemo
600 2338 683 2394 certe
713 2333 837 2413 impius,
867 2334 916 2414 qui
946 2333 1071 2415 amplius
1099 2333 1137 2395 ed
1167 2350 1222 2394 eas
1244 2347 1324 2412 pro-

274 2437 360 2512 peret
381 2436 432 2492 aut
453 2430 491 2493 alr
513 2432 550 2494 iis
566 2432 718 2510 prohiberi
739 2435 844 2513 possit,
866 2436 1043 2514 reperietur.
1067 2434 1203 2508 ,Poenae
1227 2433 1322 2514 igitur

277 2531 468 2599 cessabunt?
493 2566 532 2580 -
557 2530 642 2592 Hane
663 2531 865 2594 difficultatem
887 2536 970 2614 prior
990 2535 1137 2596 sententia
1162 2533 1254 2600 tollit!

377 2631 475 2711 Atque
497 2637 544 2692 est
576 2638 732 2711 praeterea
745 2678 754 2708 ,
769 2631 770 2634 ’
783 2635 833 2696 ubi
854 2634 961 2712 Scotus
985 2636 1025 2698 ita
1048 2633 1212 2714 scripserit,
1233 2633 1322 2714 quasi

277 2729 345 2794 sola
367 2747 467 2793 rerum
495 2732 660 2794 divinarum
696 2734 865 2814 ignorantia
900 2743 988 2815 atque
1016 2735 1133 2798 inscitia
1154 2736 1260 2816 impios
1280 2734 1325 2796 sit

279 2831 448 2892 cruciatura
470 2830 523 2910 (V,
546 2831 584 2892 31
609 2832 670 2914 [ed.
696 2832 751 2895 Ox.
773 2852 800 2915 p.
827 2833 937 2909 9704).
988 2835 1053 2896 Hoe
1077 2841 1159 2898 certe
1182 2835 1324 2898 omnihus

280 2931 495 3012 propemodum
528 2932 604 2994 loeis
632 2932 760 3018 legitur,
780 2951 856 3015 quae
878 2952 929 2996 res
951 2942 982 2998 et
1005 2935 1190 3016 Hegelianae
1209 2936 1324 2998 rationi

281 3030 503 3111 quodammodo
538 3035 748 3111 convenilit),
780 3035 925 3099 bonorum
962 3036 1113 3099 hominurn
1136 3037 1266 3117 praemia
1288 3038 1326 3098 im

282 3147 321 3194 eo
345 3149 414 3194 esse
438 3133 550 3213 posita,
582 3133 662 3212 qrrod
693 3151 802 3211 „verae
824 3136 896 3216 ipsis
919 3136 1035 3200 suturae
1054 3142 1114 3200 sint
1134 3138 1326 3217 contempla-

282 3233 408 3309 norece,
431 3232 513 3312 qnod
533 3251 623 3311 „vera
643 3234 692 3295 dei
713 3235 962 3316 contemplatione
986 3240 1045 3300 sint
1065 3240 1211 3320 gavisuri,
1233 3255 1326 3320 quum

282 3333 363 3412 impii
396 3333 562 3396 mortalium
593 3351 692 3396 rerum
733 3334 898 3415 phantasiis
933 3343 1161 3418 torqueantur.“
1201 3338 1260 3419 (V,
1281 3337 1325 3401 31

285 3429 370 3508 [ibid.
393 3450 420 3513 p.
439 3433 534 3513 27013
557 3434 592 3510 V,
606 3433 676 3508 39.)
694 3435 784 3498 Libro
807 3439 901 3515 primo
922 3445 1004 3518 (cop.
1016 3439 1064 3516 8.)
1086 3440 1212 3521 legimus
1233 3439 1328 3502 etiam

284 3528 375 3592 haee:
410 3531 609 3611 „Felicitatem
642 3541 812 3598 sanctorum
846 3537 921 3598 nillil
956 3537 1041 3600 aliud
1077 3557 1146 3602 esse
1178 3547 1334 3621 putamus,

284 3635 406 3709 praeter
434 3631 527 3712 ipsius
570 3633 690 3696 divinae
723 3641 874 3699 essentiae
906 3655 1008 3719 puram
1043 3640 1330 3720 contemplationem

285 3735 373 3809 atque
394 3731 619 3795 immediatam«
641 3771 681 3784 -

320 3941 373 4017 34)
390 3945 425 3998 cl.
447 3947 560 4010 Baltaer,
580 3949 701 4020 Beitrige
718 3953 955 4022 zurVermittiung
974 3955 1048 4007 einen
1068 3953 1330 4024 richtigenllrtheila

395 4033 462 4086 inber
481 4034 690 4094 Katholiciamns
704 4039 758 4094 und
776 4043 1018 4098 Proteatantimnua.
1032 4043 1130 4098 Fascio.
1148 4045 1170 4110 l,
1189 4043 1327 4115 pti-tt.
