2944 4714
655 255 805 346 ..BL

201 441 294 524 nitas,
310 442 440 526 ejnapae
461 439 634 510 confratres
650 447 704 518 uti,
728 441 821 528 potiri
837 445 869 508 at
883 439 1021 526 gaudere
1036 443 1174 523 possent,
1192 435 1281 520 juata

198 531 387 615 praedictam
412 533 661 598 constilntionem
687 532 854 596 Clementis
869 531 921 594 l‘l'.
939 529 1059 606 Octavi,
1081 525 1168 607 oiajns
1192 534 1282 592 tenor

199 623 231 682 in
247 621 380 682 decretis
395 620 616 701 principalibus
632 627 663 682 et
678 621 708 682 in
725 627 849 684 nostrae
862 617 1208 682 archiconlraternitatis
1223 631 1282 700 ag-

199 708 433 790 gregationihns
450 708 562 789 apponi
578 707 700 782 solitus,
716 709 857 789 sequitur
872 714 903 769 et
918 714 966 768 est
982 705 1061 768 talis.

286 795 430 858 Clemens
445 813 523 875 papa
537 794 604 856 Vlll
620 794 656 856 ad
679 803 856 878 perpetuam
881 795 926 856 rei
951 793 1139 856 memoriam.
1176 791 1283 865 Quae-

198 899 329 961 cumque
353 882 464 947 aSede
480 882 662 960 Apostoliea
685 883 722 945 ad
746 880 985 963 promovendam
1012 879 1124 942 Christi
1149 877 1283 940 lidelium

198 968 328 1033 salutem
351 969 515 1049 aliquando
542 986 691 1034 concessa
712 978 801 1047 sunt,
834 975 864 1032 et
887 969 913 1032 si
935 987 974 1031 ea¹
997 973 1116 1030 rnaiuro
1139 965 1284 1044 consilio,

199 1073 371 1137 magnaque
386 1056 548 1136 prudentia
565 1063 597 1118 et
612 1059 754 1122 cautione
769 1058 886 1120 sancita
904 1062 935 1117 et
950 1055 1073 1119 decreta
1089 1054 1150 1116 sint
1182 1059 1283 1116 lamen

201 1161 270 1206 cunr
293 1161 438 1208 romanus
464 1143 603 1223 pontifex
627 1144 666 1208 do
694 1147 862 1208 animorum
884 1142 982 1206 salute
1004 1099 1173 1217 sollicildss‘,
1207 1157 1285 1220 pro-

201 1249 311 1312 gressu
329 1231 474 1311 temporis
490 1230 705 1294 animadvertit
720 1233 834 1295 sensim
849 1231 968 1310 aliquos
992 1230 1104 1292 abusus
1120 1229 1151 1291 in
1168 1227 1284 1291 eisdem

201 1318 322 1380 statutis
338 1324 369 1379 et
384 1317 517 1380 decretis
534 1319 737 1382 observandis
760 1318 939 1401 provenire,
965 1317 1057 1379 debet
1078 1333 1133 1395 pro
1156 1316 1204 1378 sui
1226 1333 1285 1400 pa-

201 1403 324 1468 storalis
347 1404 439 1468 ollicii
461 1422 590 1467 munere
611 1404 672 1468 illis
695 1415 868 1488 opportuna
891 1406 1013 1468 ratione
1040 1420 1223 1478 occurrere,
1247 1408 1286 1496 pt

201 1499 346 1572 quantum
362 1510 430 1554 com
446 1493 579 1556 Domino
605 1501 716 1573 potest,
740 1494 877 1557 adhibito
894 1492 1021 1556 salutari
1041 1491 1185 1568 remidio,
1206 1493 1286 1572 prtia

202 1579 323 1642 sidere.
1287 1573 1296 1592 ““

288 1666 364 1729 Huic
380 1683 456 1730 vero
472 1666 715 1732 conlratcraritati
732 1674 763 1732 ct
778 1667 1013 1752 congregationi
1031 1664 1210 1748 erigendae,
1234 1665 1286 1727 in·

202 1752 376 1817 stituendae
398 1771 454 1816 seu
470 1755 699 1837 aggregandas,
722 1775 757 1819 ca
779 1763 893 1820 tantum
920 1754 1096 1837 privilegia,
1118 1752 1287 1834 indulgen·
1367 1753 1394 1796 ·,

203 1842 272 1917 tias,
297 1842 467 1917 facultates,
488 1841 625 1923 aliasque
647 1845 826 1924 spirituales
848 1844 979 1924 gratias,
1003 1847 1033 1903 et
1059 1839 1185 1920 indulta,
1209 1857 1287 1920 quae

203 1929 262 2007 ipsi
279 1928 392 2002 ordini,
417 1928 564 2011 religioni
580 1938 611 1993 et
626 1933 764 1996 instituto
781 1931 932 2010 exigenti,
960 1929 1131 1992 instituenti
1147 1945 1183 1990 ao
1198 1943 1288 1989 corn-

203 2017 371 2079 manicanti
386 2033 442 2080 seu
457 2016 789 2082 archiconlraternitati
805 2025 836 2080 et
852 2017 1088 2098 congregationi
1104 2016 1287 2098 aggreganti

203 2104 383 2166 nominatim
400 2104 477 2166 etin
493 2107 609 2184 specie,
633 2124 694 2170 non
711 2113 811 2170 autern
830 2123 909 2186 quae
924 2121 983 2184 per
1000 2105 1213 2166 extensionem
1237 2099 1288 2164 vel

203 2192 512 2253 communicationem
528 2193 586 2254 siai
604 2193 714 2272 qiiovis
730 2194 822 2258 modo
840 2211 986 2256 concessa
1002 2198 1085 2268 sunt,
1102 2197 1133 2252 et
1149 2189 1198 2252 illa
1215 2189 1289 2270 qui-

201 2279 270 2340 dem
288 2297 351 2342 non
363 2277 420 2341 snb
436 2279 575 2358 generali
592 2280 689 2343 forma
706 2283 886 2357 verborum,
909 2279 958 2341 vel
974 2278 1011 2340 ad
1027 2280 1135 2354 instar,
1157 2277 1212 2340 sed
1228 2295 1289 2339 ex-

202 2385 311 2445 presse
326 2373 357 2428 et
380 2367 412 2427 in
427 2367 532 2444 specie
556 2369 784 2432 communicare
800 2367 930 2430 valeant.
970 2368 1087 2431 Sintula
1109 2373 1209 2427 autem
1232 2381 1288 2443 pro

203 2456 355 2534 regimine
380 2451 532 2529 ordinum,
554 2453 740 2537 religionum
766 2463 797 2519 et
819 2456 1029 2518 institutorum
1053 2453 1242 2534 exigentiam
1259 2455 1291 2512 et

204 2540 441 2616 instituentium,
471 2557 507 2602 nc
521 2543 821 2620 communicantium,
844 2561 900 2606 scu
916 2539 1288 2614 archiconlraternitaturn

203 2635 236 2691 et
259 2627 536 2710 congregationum
557 2633 792 2713 aggregandum
823 2631 905 2693 edita
931 2627 1235 2694 confraternitatilrus
1260 2632 1291 2688 et

203 2714 500 2799 congregationibus
528 2717 697 2797 erigendis,
726 2729 755 2783 et
771 2719 882 2801 quibos
902 2717 1196 2782 communicationes
1221 2712 1291 2794 pri-

203 2805 401 2885 vilegiorum,
422 2810 453 2863 et
468 2803 599 2866 aliorum
615 2809 845 2885 praedictorum
861 2806 936 2868 siunt
952 2804 1101 2885 impartiri
1126 2821 1188 2868 non
1213 2817 1290 2881 pos-

204 2893 278 2966 sint,
294 2889 353 2952 nisi
370 2907 406 2951 ea
421 2891 507 2968 prius
523 2891 560 2952 ab
577 2893 724 2975 episcopo
740 2895 916 2957 dioecesano
934 2893 1106 2955 examinata
1122 2897 1221 2971 cipro
1236 2905 1292 2949 ra-

206 2981 292 3040 tione
309 2977 370 3040 loci
387 2978 553 3056 approbata
569 2979 696 3059 luerint,
719 2999 797 3062 quae
820 2977 1022 3043 nihilominus
1045 2977 1181 3058 ejusdem
1204 2975 1292 3055 epis-

206 3066 277 3145 copi
292 3062 438 3140 decretis,
454 3083 491 3126 ac
505 3066 711 3134 moderationi
736 3075 767 3131 et
791 3068 977 3131 correctioni
1001 3067 1033 3128 in
1049 3066 1190 3129 omnibus
1205 3081 1292 3126 sem-

206 3157 267 3233 per
288 3152 425 3232 subjecta
449 3163 638 3232 remaneant,
661 3157 773 3238 quibus
800 3157 891 3218 etiam
913 3154 1079 3228 ministris,
1103 3151 1294 3227 officialibus,

207 3247 238 3302 et
254 3239 323 3302 aliis
339 3239 474 3318 prelatis
490 3240 699 3324 eleemosyna,
727 3243 831 3306 etalio
848 3243 949 3306 oblato
966 3241 1141 3304 christiane
1157 3239 1293 3302 charita-

206 3329 245 3391 tis
262 3325 373 3402 ollicia,
398 3325 486 3404 juxta
510 3329 631 3392 modnm
648 3339 679 3393 et
695 3332 822 3395 lormarn
839 3349 896 3411 per
911 3329 1102 3392 ordinarium
1124 3328 1185 3390 loci
1207 3343 1292 3405 prae-

207 3413 415 3489 scribendum,
430 3416 558 3478 remotis
568 3423 667 3480 tarraco
679 3419 848 3494 mensibus,
863 3417 1018 3498 pelvibus,
1034 3423 1064 3478 et
1080 3417 1191 3496 capsis,
1202 3429 1292 3493 oriem

206 3502 349 3567 ecclesiis
367 3503 404 3561 'et
420 3502 565 3574 oratoriis
581 3505 728 3568 dictarum
753 3505 1036 3569 confraternitatum
1061 3511 1092 3566 et
1115 3517 1292 3584 congrega-

210 3594 327 3654 tionum
343 3587 464 3668 publice
480 3589 516 3652 ad
533 3589 593 3654 hoc
609 3595 722 3674 exponi
740 3599 980 3668 consueverunt,
1004 3589 1179 3671 excipiendi
1200 3593 1294 3667 pote-

207 3687 269 3740 stas
285 3679 386 3752 delur,
403 3683 493 3754 atoue
510 3676 569 3739 lroc
585 3680 684 3760 ipsum
701 3681 839 3754 ordines,
867 3679 1049 3759 religiones,
1072 3679 1211 3740 instituio
1227 3677 1294 3738 cri-

208 3767 324 3845 gentia,
352 3763 541 3826 instituenda
557 3785 593 3828 ac
607 3769 894 3831 communicantium
912 3785 966 3828 seu
983 3765 1241 3830 archiconlralres
1264 3769 1295 3824 et

207 3855 468 3935 congregationes
484 3863 692 3934 aggregantes
702 3862 760 3918 tam
777 3855 1095 3930 almaeltrbisnostrm,
1112 3850 1291 3934 qoamolia-

208 3957 275 4002 ruin
292 3942 447 4004 civitatum
471 3945 501 4000 et
523 3939 660 4005 locorum
678 3959 942 4024 quorumcumque
953 3941 1040 4020 juxta
1056 3941 1180 4003 modum
1208 3937 1293 4001 evi-

209 4030 294 4092 cario
310 4029 412 4104 Urbis,
440 4038 471 4092 et
486 4028 522 4090 ab
539 4028 704 4094 ordinariis
726 4031 864 4094 locorum
890 4029 1063 4108 respective
1085 4027 1293 4109 prescriben-

208 4119 279 4182 dnm
296 4117 462 4182 ohservare
485 4122 655 4181 lencantnr.
701 4117 921 4197 Eleemosynas
942 4123 1042 4178 anatem
1077 4117 1124 4178 sic
1146 4112 1293 4178 collectas

211 4207 242 4271 in
258 4206 482 4287 reparationem
499 4211 530 4270 et
545 4215 686 4271 ornatum
704 4205 904 4270 ecclesiarum
921 4211 980 4268 tarn
990 4203 1142 4281 ordinum,
1158 4198 1293 4284 religio-
