2944 4714
773 191 824 250 Π

252 383 312 462 nia,
327 381 418 462 ilias,
441 379 560 448 amca
582 397 653 448 cum
668 379 812 446 materia.
851 380 980 464 &aare
997 378 1122 446 bitania
1142 380 1350 450 iariatlaaini

252 472 398 539 mmsis.
436 471 565 552 Signum
582 469 705 535 Ottonis
729 469 921 534 serenissimi
943 469 1041 551 repis,
1065 470 1191 553 aigum
1207 470 1350 536 belisarii

252 561 364 644 replis,
378 559 503 640 signam
519 559 673 622 lirunoms
685 557 836 621 Coloniae
850 556 1091 638 archiepiscopi,
1106 557 1255 622 'lbudurri
1266 559 1352 624 'ire-

253 647 388 714 rirenais
401 645 638 728 archiepiscopi,
653 643 814 710 Votbilrici
823 644 988 708 ilemenaie
1004 643 1243 727 archiepiscopi,
1259 643 1351 710 ilre-

252 736 335 801 racri
349 733 543 810 beatiensis,
559 739 618 796 etc.
642 733 720 796 Data
731 731 795 796 llll.
811 747 885 796 non.
902 731 986 796 iunii
1001 749 1085 796 anno
1096 732 1282 797 Dominieae'
1295 735 1353 798 iu-

254 822 442 888 carnationis
457 819 678 885 bccccbxv.
697 819 867 884 indictione
883 826 1003 896 octava,
1025 836 1109 885 anno
1131 822 1223 904 requi
1243 821 1355 901 impe-

254 910 367 975 ratoris
384 908 506 973 ottonis
521 909 644 990 angumi
659 907 753 972 XXX.
769 908 842 972 item
857 925 940 972 anno
954 906 1079 972 Ottonis
1093 911 1179 993 regn
1194 908 1231 971 v.
1246 916 1351 974 mlum

257 997 407 1064 Coloniae
420 997 535 1080 palatio
551 995 693 1062 feliciter.

364 1135 554 1218 u’icvequa
572 1151 621 1205 ua
636 1145 754 1217 nassa
770 1152 923 1204 rursusne
939 1150 983 1204 aa
999 1146 1236 1209 resa-nram

341 1261 496 1326 liobertua
512 1259 570 1323 Dei
593 1260 691 1340 qratia
713 1259 896 1325 Leodienais
918 1259 1241 1344 episcopandum
1263 1260 1355 1328 Filiia

256 1350 289 1414 ln
306 1347 417 1412 obriso
433 1345 616 1426 Abbalibua,
641 1347 810 1426 Prioribus,
833 1348 979 1426 baoaria,
1002 1347 1226 1431 Praesbyteris,
1245 1358 1356 1416 crem-

119 1443 121 1455 '
256 1438 367 1516 risque
380 1433 606 1500 Ecclesiasticia
622 1437 766 1516 personis
789 1437 820 1499 in
836 1435 1002 1502 leodiensi
1018 1436 1147 1502 direcesi
1161 1439 1356 1520 conuiuiis,
1447 1439 1448 1500 j

256 1522 385 1590 salutern
402 1529 434 1588 et
446 1522 670 1605 plenitudinem
686 1525 864 1603 gratiarum.

344 1610 429 1675 inter
443 1609 503 1674 alia
518 1612 594 1674 mira
609 1617 642 1674 et
656 1610 807 1674 mirabilia
826 1610 1015 1691 admiranda,
1038 1627 1119 1693 quae
1140 1611 1298 1678 mm
1315 1616 1354 1678 ia

257 1698 333 1764 abb
347 1698 502 1762 Dominae
515 1705 623 1763 noster
637 1697 721 1774 iecit,
744 1697 819 1764 illud
847 1705 896 1763 est
917 1715 992 1781 prae
1008 1699 1142 1766 caeteris
1155 1701 1356 1766 mirabilibus

258 1786 463 1852 excellentius
478 1785 721 1864 memorandum,
744 1785 777 1850 in
801 1803 864 1869 quo
884 1787 954 1868 ipse
968 1805 1004 1852 sa
1018 1786 1105 1852 dedit
1119 1789 1303 1854 timentibus
1314 1807 1355 1854 ae

257 1875 291 1940 in
306 1893 427 1940 escam:
453 1881 485 1938 et
499 1875 560 1938 boc
574 1881 623 1939 eat
635 1871 711 1938 illud
728 1876 871 1958 corporis
885 1875 934 1938 sni
957 1875 1037 1939 oncri
1062 1875 1221 1942 ineilabile
1236 1879 1355 1942 Sacra-

258 1971 407 2042 mentum,
430 1962 514 2044 quod
529 1961 620 2026 nobis
635 1968 777 2044 tanquam
794 1960 976 2028 memoriale
997 1961 1138 2026 mirabile
1152 1970 1186 2027 et
1209 1963 1355 2029 delecta.

259 2050 324 2117 bile
338 2050 517 2131 dereliquit,
533 2047 656 2114 utillud
672 2051 853 2114 memoriale
868 2056 1355 2131 praesentaretnoatraemenro-

257 2139 337 2219 riae,
352 2135 551 2204 memorabile
567 2135 804 2220 intelligentiae,
819 2144 852 2201 et
866 2137 1053 2202 delectabile
1066 2138 1232 2204 voluntati.
1260 2139 1353 2215 Quod

258 2227 368 2292 beatas
383 2225 435 2290 illa
451 2224 549 2289 David
565 2225 698 2288 eximius
713 2225 944 2306 prophetorum,
961 2226 993 2289 in
1009 2225 1163 2307 quoddam
1179 2230 1354 2308 mysterio-

257 2331 327 2379 rum
342 2313 585 2396 promptuarium
601 2312 805 2399 spiritualiter
821 2313 1026 2386 introductus,
1049 2315 1097 2376 sio
1111 2315 1225 2378 cecinit
1236 2322 1355 2396 matu-

258 2401 362 2468 landn.
400 2401 582 2466 Memorium
602 2397 680 2480 [ecit
701 2401 892 2466 mirabilium
905 2419 1034 2464 sacram
1048 2403 1231 2466 misericors
1243 2409 1276 2466 ct
1289 2405 1355 2468 ari-

259 2497 389 2554 errator
403 2490 568 2568 Dominus,
591 2505 697 2553 ercam
712 2489 798 2552 dedit
817 2489 995 2554 timentibus
1008 2505 1051 2552 re.
1087 2489 1126 2553 Et
1139 2492 1167 2554 si
1194 2492 1289 2570 ipae,¹
1301 2491 1353 2574 qui

194 2643 199 2662 ,
259 2580 436 2643 testamenti
451 2578 500 2640 sui
516 2577 548 2639 in
564 2577 720 2641 saeculum
736 2595 856 2642 mernor
870 2578 939 2655 luit,
966 2585 998 2640 at
1011 2582 1173 2659 postquam
1188 2576 1245 2642 illa
1260 2595 1353 2642 sane-

260 2665 382 2730 tisaimo
398 2682 494 2747 opere
509 2665 658 2728 stabilivit
677 2665 886 2741 memoranda,
909 2666 1020 2730 iterum
1045 2666 1203 2745 repetivit,
1227 2665 1352 2731 dicens:

259 2752 320 2818 boc
335 2755 578 2837 quotiescunque
592 2753 736 2833 feceritis
749 2756 783 2816 in
797 2755 857 2816 mei
865 2755 1046 2816 meraritae
1059 2753 1199 2833 [cobrin
1213 2771 1280 2819 non
1293 2754 1353 2820 de-

260 2841 313 2906 bet
328 2841 572 2922 reprehensibile
587 2842 728 2920 indicari,
750 2843 776 2906 si
792 2859 850 2905 nos
866 2842 919 2923 qui
934 2861 1040 2906 sumus
1055 2841 1157 2905 labilis
1173 2844 1354 2918 mmuriae,

259 2929 340 2994 ultra
362 2928 443 2993 illam
467 2930 676 3011 quotidianam
702 2931 893 3007 memoriam,
917 2947 996 3011 quae
1017 2929 1057 2993 da
1078 2927 1162 2994 dioto
1177 2929 1354 2995 admirabili

260 3015 460 3085 Sacramenta
476 3017 615 3099 quotidie
631 3020 734 3100 egitur
749 3019 781 3081 in
797 3016 897 3094 altari,
923 3017 961 3082 ad
979 3016 1197 3081 confutandam
1212 3017 1354 3082 baereti-

262 3121 369 3171 corum
384 3106 546 3182 insaniam,
561 3111 739 3183 statuamus,
754 3112 789 3170 ut
803 3105 899 3171 semel
915 3106 946 3170 in
962 3124 1043 3172 anno
1059 3103 1120 3168 boc
1134 3107 1310 3187 pretiosum
1324 3111 1354 3168 et

260 3195 455 3273 uenerabile,
471 3201 563 3276 atque
578 3193 736 3259 indicibile
749 3196 990 3272 Samamentnm,
1006 3193 1171 3274 specialius
1185 3212 1223 3256 ac
1233 3193 1354 3259 soien-

261 3283 334 3348 nins
361 3299 451 3366 quam
477 3282 666 3365 quotidianis
691 3282 802 3347 diebus
827 3282 865 3347 ad
881 3279 1060 3348 memoritur
1077 3281 1196 3348 carobs
1211 3281 1354 3347 fidelibus

258 3377 437 3438 revocetur.

348 3458 545 3525 ltrbiuames
570 3457 698 3541 dignum
722 3475 793 3524 erae
817 3465 849 3522 et
860 3460 989 3542 justum,
1009 3475 1132 3540 requam
1155 3466 1188 3523 et
1207 3458 1354 3534 salam,

262 3548 345 3629 quod
362 3565 430 3613 oum
446 3549 544 3611 sancti
559 3549 620 3625 sui,
636 3564 766 3630 qnorum
783 3549 814 3611 in
830 3547 958 3616 litaniis.
976 3547 1090 3626 missis,
1108 3563 1146 3612 aa
1159 3547 1231 3611 aliia
1244 3563 1354 3612 acore

262 3636 303 3698 tis
326 3635 520 3700 orationibus
543 3637 693 3701 memoria
715 3635 854 3718 qnotidie
878 3636 909 3699 in
933 3633 1073 3698 Ecclesia
1094 3642 1276 3714 renuatur,
1301 3633 1354 3698 ni-

262 3721 431 3788 bilominus
463 3722 560 3787 semel
594 3725 625 3787 in
657 3741 739 3788 anno
772 3721 973 3805 singulariter
1002 3721 1137 3786 babeant
1169 3723 1249 3786 iesta
1280 3739 1353 3798 sna,

264 3809 298 3873 in
323 3809 433 3890 quibua
449 3827 557 3877 eorum
573 3811 682 3876 merita
698 3809 887 3894 singularius
901 3809 1101 3889 recolantur3
1123 3811 1223 3890 ipsam
1251 3811 1353 3883 abana

265 3897 348 3980 quod
364 3903 412 3962 eet
427 3906 564 3964 sanctum
580 3905 768 3977 sanctorum,
783 3897 916 3964 dulcedo
932 3899 1069 3964 omnium
1085 3897 1297 3976 dulcedinum,
1320 3896 1353 3960 in

262 3986 358 4051 terris
373 3985 597 4053 solemnitatem
618 3987 730 4053 babeat
751 3987 929 4070 specialem,
953 3986 992 4051 ad
1008 3985 1207 4054 referendum
1229 3984 1354 4070 specia-

264 4075 400 4142 lissimas
420 4082 453 4139 et
470 4093 528 4158 per
551 4077 699 4141 maximas
719 4076 827 4142 laudes
843 4082 875 4141 et
888 4076 1056 4160 maiarum
1072 4077 1213 4142 actiones
1226 4073 1354 4138 danim

265 4163 334 4234 Deo
349 4170 469 4244 nostro,
483 4163 632 4230 videlicet
645 4183 742 4247 anper
757 4181 796 4231 eo
813 4164 896 4248 qaod
910 4181 945 4230 ae
961 4163 1063 4246 nabis,
1078 4169 1206 4249 propter
1218 4161 1353 4247 md·
