2944 4714
743 253 850 316 uictu

255 461 313 511 uos
330 441 460 510 concedi
479 459 648 527 procurare
670 447 852 518 statuerunt,
872 443 904 504 et
926 437 1110 505 ordinarunt
1132 436 1255 522 prout'
1247 455 1278 500 ιιι
1294 435 1353 500 iu-

255 535 435 598 strumentis
451 551 506 596 seu
521 531 589 594 aliis
603 531 796 606 documentis
813 488 948 608 desuper
963 526 1114 592 confectis
1129 525 1252 608 plenius
1268 543 1354 588 con-

257 623 349 685 tineri
364 621 487 683 dicitur.
518 621 565 683 Ac
580 618 725 682 dilectum
741 616 835 680 filium
851 623 991 679 nostrum
1007 613 1217 679 Alexandrum
1233 613 1265 676 S.
1279 611 1355 674 lla-

254 711 322 773 riae
339 710 369 773 in
386 709 436 770 via
451 707 522 781 lata,
546 706 709 769 diaconum
727 703 912 767 cardinalem
937 703 977 768 de
994 703 1161 767 Caesarinis
1185 715 1355 782 nuncupa-

257 797 355 875 tum,
348 814 379 859 ιιι
396 801 604 876 protectorem
621 793 722 857 dictae
739 791 1011 856 confraternitatis
1026 791 1191 870 elegerint.

343 885 446 958 Quare
462 899 517 962 pro
534 889 620 963 parte
637 879 805 945 eorundem
822 878 1012 942 confratrum
1039 877 1130 942 nobis
1147 878 1204 940 fuit
1218 871 1357 938 bumili-

257 977 307 1036 ler
322 971 536 1051 supplicatum,
561 975 594 1030 ut
616 967 803 1030 institutioni
828 965 1090 1031 confraternitatis
1116 983 1153 1027 ac
1174 963 1296 1028 statutis
1321 969 1359 1024 ct

258 1057 504 1124 ordinationibus
520 1055 708 1136 hujusmodi,
725 1071 781 1134 pro
797 1053 922 1117 illorum
938 1053 1138 1119 subsistentia
1153 1051 1288 1150 firmari,
1293 1067 1357 1114 ro-

257 1147 317 1210 bur
331 1142 522 1228 apostolicae
538 1143 781 1206 confirmationis
797 1141 944 1222 adjicere,
967 1161 1004 1205 ac
1025 1140 1131 1205 alias'
1122 1159 1154 1203 ιιι
1170 1137 1358 1221 praemissis

259 1239 435 1316 opportune
452 1230 617 1311 providere
634 1229 672 1292 de
687 1229 877 1308 benignitate
893 1228 1062 1311 apostolica
1079 1229 1292 1309 dignaremur.

345 1319 408 1382 Nos
424 1319 520 1400 igitur
530 1323 644 1378 tautum
657 1324 879 1380 sacramentum
893 1319 977 1382 omni
992 1317 1085 1379 laude
1102 1324 1132 1378 ct
1147 1315 1360 1378 veneratione

259 1408 387 1490 dignum
413 1425 430 1468 a
456 1405 574 1468 cunctis
596 1404 749 1482 fidelibus,
773 1413 807 1467 ut
826 1422 883 1486 per
897 1405 957 1468 boc
972 1403 1192 1506 desideratum,
1220 1399 1360 1466 salutern
1454 1407 1455 1412 ’

259 1493 409 1572 consequi
426 1491 558 1568 ualeant,
575 1492 735 1569 honorari,
751 1491 881 1572 laudari,
898 1501 929 1556 et
945 1493 1134 1576 magnificari
1150 1491 1284 1556 sinceris
1295 1488 1361 1552 de·
1454 1555 1455 1560 ,

259 1581 384 1646 sideriis
409 1587 604 1658 exoptantes,
630 1597 666 1642 uc
689 1581 894 1660 omnipotenti
915 1580 995 1658 Deo,
1020 1579 1101 1663 quod
1125 1588 1184 1643 tam
1207 1577 1360 1642 saluber-
1454 1583 1455 1620 ³

259 1670 348 1742 ritca,
372 1673 495 1748 tamque
511 1669 686 1730 neccssaria
710 1675 741 1730 et
757 1669 843 1730 utilia
859 1685 955 1750 opera
976 1675 1084 1732 uostro
1101 1675 1242 1750 tempore
1257 1683 1360 1728 exer-

259 1773 334 1819 cere
349 1757 524 1836 inceperint
539 1755 655 1836 gratias
679 1761 820 1838 ugentes,
849 1761 879 1817 et
903 1763 936 1818 ut
957 1754 1009 1818 illa
1031 1764 1183 1838 perpetuo
1199 1753 1361 1834 frequen·
1454 1801 1455 1828 ,

260 1849 374 1922 teutur,
396 1861 432 1904 ac
448 1841 562 1905 Christi
585 1841 692 1904 fideles
708 1842 826 1924 praelati
843 1843 888 1905 cis
912 1841 1083 1906 terrentius
1108 1843 1264 1919 insistant,
1294 1859 1359 1922 quo
1454 1875 1455 1878 ι

260 1949 319 1995 nos
335 1947 410 2012 erga
426 1947 481 1993 ecs
497 1929 698 2009 amplioribus
720 1937 751 1992 et
767 1929 1004 2009 specialioribus
1019 1931 1128 2013 gratiis
1144 1929 1359 2002 liberaliores,

187 2041 191 2048 ·
260 2035 357 2100 seque
385 2035 443 2097 per
457 2016 518 2080 boc
541 2015 651 2097 majori
677 2015 813 2081 caelestis
836 2018 944 2100 gratie
969 2017 1138 2082 devotione
1158 2015 1244 2080 retici
1262 2033 1358 2096 posse

261 2107 477 2188 cognoverint,
501 2111 646 2186 quantum
664 2121 732 2167 cum
748 2103 815 2169 Deo
831 2123 997 2187 possumus
1012 2105 1181 2187 providere
1197 2102 1356 2179 uolentes,

260 2193 435 2274 hujusmodi
452 2191 729 2273 supplicationibus
752 2191 899 2270 inclinati,
928 2194 1151 2257 iustitutionem
1175 2193 1357 2255 confrater-

260 2281 366 2345 nitatis
383 2279 568 2362 hujusmodi,
596 2297 718 2342 uecuon
736 2279 892 2360 predicta,
915 2297 951 2341 uc
972 2281 1074 2345 omnia
1098 2287 1130 2344 et
1150 2278 1278 2360 singula
1301 2295 1358 2361 per

260 2368 385 2432 eosdem
403 2368 575 2433 contraires
591 2367 672 2430 circa
688 2369 845 2447 praemissa
862 2373 985 2445 statuta,
1002 2375 1034 2431 et
1046 2369 1198 2440 ordinata,
1214 2385 1253 2430 ac
1265 2371 1357 2448 prout

260 2457 343 2520 illam
361 2462 557 2532 conservant,
582 2455 684 2519 omniu
708 2460 740 2518 et
762 2455 884 2537 singula
901 2457 933 2518 iu
951 2456 1164 2519 instrumentis
1180 2473 1237 2518 seu
1254 2457 1356 2519 docu-

262 2544 371 2606 mentis
387 2543 524 2623 desuper
540 2544 689 2606 confeciis
705 2544 859 2624 predictis
874 2549 1017 2607 contenta
1033 2551 1065 2606 et
1079 2546 1110 2606 in
1124 2551 1255 2624 sequuta
1268 2561 1356 2624 quac-

264 2646 406 2711 cumque,
425 2649 465 2692 ex
481 2637 565 2692 certa
581 2638 685 2693 nostra
702 2633 844 2710 scientia,
860 2631 1024 2695 autoritate
1046 2631 1219 2712 apostolica
1244 2635 1354 2694 tenore

262 2718 460 2800 presentium
476 2719 681 2798 approbamus
698 2726 729 2781 et
744 2720 970 2796 confirmamus,
991 2736 1027 2780 ac
1041 2738 1150 2784 omues
1166 2727 1197 2782 et
1212 2716 1354 2802 singulos

259 2805 339 2886 juris
365 2809 396 2866 et
419 2803 489 2868 facti
515 2803 665 2884 defectus,
687 2807 713 2869 si
741 2809 791 2888 qui
817 2807 921 2871 forsan
945 2807 1172 2871 intervenerint
1188 2805 1220 2869 iu
1236 2805 1354 2870 eisdem

262 2891 452 2974 supplemus,
478 2891 601 2973 illisque
615 2901 773 2972 perpetuae
789 2894 940 2958 firmitatis
956 2893 1052 2956 robur
1067 2894 1241 2976 adjicimus,
1266 2901 1299 2956 et
1320 2911 1355 2956 ea

262 2997 321 3060 per
352 2981 486 3062 ipsarum
511 2980 734 3059 parochialium
758 2983 958 3046 ecclesiarum
984 2987 1141 3059 rectores,
1166 2999 1224 3044 seu
1246 2999 1354 3046 eorum
1452 3045 1453 3048 ,

263 3067 332 3130 loca
348 3073 491 3130 tenentes
507 3085 563 3149 pro
580 3073 720 3149 ternpore
737 3069 916 3147 existentes,
933 3074 964 3130 et
979 3069 1057 3134 allos
1073 3069 1110 3134 ad
1128 3085 1206 3151 quos
1223 3075 1354 3152 spectat,

263 3153 392 3218 lirmiter
407 3156 566 3218 observari
584 3155 698 3220 debere
714 3156 923 3220 decernimus.

349 3241 388 3304 Et
410 3242 611 3307 nibilominus
632 3262 689 3323 pro
711 3245 826 3326 potiori
852 3247 981 3321 cautela,
1005 3246 1175 3327 praemissa
1197 3245 1302 3310 omnia
1325 3249 1355 3308 et

264 3328 386 3410 singula
409 3329 479 3407 alia,
503 3349 560 3412 per
587 3331 712 3394 eosdem
730 3331 913 3412 confratres,
936 3339 970 3398 ut
993 3333 1169 3416 prefertur,
1191 3341 1302 3398 statuta
1322 3339 1353 3396 et

264 3418 406 3480 ordinata
423 3417 461 3479 de
477 3437 561 3483 novo
576 3420 757 3482 auctoritate
773 3426 804 3483 et
820 3427 930 3486 tenore
939 3420 1105 3505 predictis,
1122 3429 1273 3503 perpetuo
1288 3427 1353 3484 sta-

264 3507 378 3568 tuimus
402 3511 433 3566 et
455 3506 650 3584 ordinamus;
673 3525 709 3569 ac
733 3508 942 3573 confratribus
963 3509 1225 3575 confraternitatis
1241 3509 1352 3590 liujus·

264 3591 358 3667 modi,
382 3609 475 3670 nunc,
498 3601 529 3656 et
545 3612 601 3674 pro
618 3601 756 3674 tempore
773 3598 990 3670 existentibus
1015 3615 1051 3659 ac
1077 3615 1185 3661 eorum
1212 3597 1354 3678 singulis,

266 3678 348 3759 quod
365 3682 519 3756 omuibus,
536 3689 567 3744 et
582 3682 712 3762 siugulis
729 3683 912 3764 priuilegiis,
933 3683 1071 3760 indultis,
1095 3685 1353 3767 exemptionibus,

265 3765 475 3845 libertatibus,
506 3769 768 3847 immunitatibus,
791 3771 995 3854 indulgentiis
1017 3773 1108 3835 etiarn
1133 3772 1301 3852 plenariis,
1325 3775 1353 3832 el

265 3857 460 3936 peccatorum
470 3857 717 3932 remissionibus
734 3875 770 3919 ac
786 3858 854 3922 alus
866 3861 975 3940 gratias
987 3859 1211 3940 spiritualibus
1228 3867 1260 3924 et
1274 3867 1353 3924 tcm-

266 3939 435 4020 poratibus,
452 3944 681 4008 confratribus
674 3945 817 4026 imaginis
833 3947 1002 4013 salvatoris
1026 3947 1113 4010 acad
1130 3949 1240 4013 Sancta
1256 3949 1352 4014 Sanc-

266 4035 379 4105 torum,
396 4049 518 4095 necnon
534 4031 701 4108 charitatis,
727 4041 757 4096 et
772 4033 1065 4117 Arcbilrospitalls
1056 4055 1087 4100 ιιι
1104 4044 1234 4118 augusta
1250 4039 1279 4104 S
1293 4033 1352 4098 Jo-

267 4117 356 4181 annis
370 4117 523 4199 Baptista,
544 4138 666 4184 necnon
682 4123 862 4188 Sanctorum
880 4123 1003 4190 cosme
1018 4129 1049 4188 et
1064 4125 1204 4190 Damiaui
1220 4123 1351 4189 nationis

264 4202 443 4288 florentie,
467 4225 506 4272 ac
528 4207 688 4292 hospitalis
712 4211 857 4277 uostriS.
873 4211 1031 4298 Spiritus
1022 4231 1055 4278 ιιι
1081 4213 1169 4280 saxia
1189 4209 1350 4280 ordinas.
