2934 4710
308 341 366 406 lou

305 517 374 591 boc,
396 513 453 576 boe
473 521 571 576 autem
594 531 673 589 nen,
704 514 759 576 sed
782 517 881 576 omnia
905 521 968 576 est:
988 514 1115 595 proinde
1140 532 1179 576 ex
1200 533 1345 598 superos-

301 615 480 678 senlialilate
512 633 585 678 suae
620 623 763 692 naturae,
792 616 822 678 in
853 633 911 694 qua
943 616 1053 678 dicitur
1087 633 1147 678 non
1169 635 1254 696 esse,
1276 621 1341 698 pri-

300 735 377 778 mum
411 715 601 778 descendens
635 719 664 778 in
704 716 945 795 primordialibus
983 717 1106 795 (causis)
1148 733 1166 778 a
1205 734 1240 778 se
1273 719 1340 798 ipso

303 823 440 894 creatur,
459 823 490 879 et
523 817 554 878 fit
580 818 755 898 principium
789 821 885 880 omnis
916 818 1086 891 essentiae,
1121 818 1219 880 omnis
1254 818 1344 896 vitae,

301 918 403 978 omnis
439 917 672 997 intelligentiae,
701 923 732 978 et
765 919 907 995 omnium,
941 935 1018 996 quae
1052 918 1082 978 in
1104 916 1344 997 primordialibus

302 1018 401 1082 causis
426 1017 598 1078 considerat
616 1020 755 1097 gnostica
768 1018 903 1080 theoria:
926 1017 1036 1079 deinde
1053 1035 1092 1078 ex
1104 1015 1344 1096 primordialibus

300 1119 400 1180 causis
422 1127 514 1196 (quae
551 1117 741 1178 medietatem
772 1118 921 1198 quandam
951 1120 1030 1178 inter
1059 1116 1146 1179 deum
1168 1121 1198 1176 et
1220 1121 1344 1178 creatu-

298 1235 362 1280 ram
384 1217 538 1294 obtinent,
573 1217 602 1279 b.
631 1236 659 1285 e.
684 1220 762 1280 inter
783 1218 860 1280 illam
883 1216 1059 1278 inellabilem
1079 1216 1343 1296 superessentiali·
1377 1265 1385 1276 .

298 1323 388 1380 tatem
413 1334 503 1396 super
525 1334 644 1380 omnem
665 1318 858 1396 intellectum,
881 1325 912 1380 et
932 1318 1118 1380 manifestam
1134 1316 1341 1380 substantiali·

300 1423 344 1480 lor
380 1425 532 1496 naturam,
577 1421 658 1498 puris
691 1420 798 1480 animis
824 1420 1040 1498 conspicuum)
1077 1416 1268 1478 descendens
1306 1419 1338 1480 in

297 1517 453 1580 elleotibus
486 1521 614 1599 ipsarum
641 1518 691 1598 sil,
723 1525 754 1580 et
787 1519 943 1580 maniieste
979 1519 1008 1578 iu
1049 1516 1238 1596 theophaniis
1274 1519 1341 1578 suis

299 1619 443 1696 aperitur:
476 1618 585 1680 deindo
614 1637 668 1700 per
696 1618 872 1698 multiplices
902 1618 1059 1680 ellectuum
1096 1617 1211 1678 formas
1243 1633 1342 1696 usque

297 1717 336 1778 ad
358 1726 521 1782 extremum
554 1722 644 1782 totius
672 1719 801 1781 Naturae
831 1718 984 1795 ordinem,
1007 1734 1066 1797 quo
1089 1733 1217 1797 corpora
1239 1719 1339 1780 conti.

297 1825 415 1896 nentrrr,
435 1821 582 1899 procedit,
603 1836 639 1881 ac
661 1819 709 1881 sio
731 1817 867 1880 ordinate
888 1819 917 1880 in
939 1819 1038 1880 omnia
1062 1818 1244 1898 proveniens
1266 1818 1342 1880 lacit

300 1921 420 1996 omnia,
452 1926 482 1982 et
515 1920 546 1981 tn
575 1921 605 1982 iu
639 1919 776 1982 erunibus
798 1921 915 1998 omnia,
937 1926 976 1996 et,
997 1919 1065 1981 dum
1088 1921 1118 1982 in
1140 1919 1276 1981 omnibus
1295 1918 1341 1998 lat,

290 2021 508 2100 ‚superomnia
531 2038 683 2083 essenon
718 2021 847 2096 desinit;
878 2037 915 2082 ao
950 2020 988 2082 de
1016 2020 1108 2082 nilrilo
1130 2019 1202 2081 lacit
1226 2019 1341 2098 omnia,

297 2123 335 2184 de
356 2139 410 2184 sua
431 2121 546 2183 scilieet
566 2119 870 2201 superessentialitate
888 2120 1026 2199 producit
1043 2121 1203 2197 essentias,
1225 2117 1263 2180 de
1283 2136 1341 2180 su-

296 2222 492 2302 pervitalitate
524 2224 620 2298 uitas,
647 2220 688 2282 de
726 2219 1068 2300 superintellectualitate
1090 2220 1275 2298 intellectus,
1298 2219 1340 2283 de

297 2323 460 2401 negatione
480 2323 620 2398 omniurn,
642 2339 718 2402 quae
741 2327 809 2382 sunt
829 2327 858 2382 et
878 2339 955 2400 quae
976 2338 1037 2382 nou
1059 2326 1138 2398 sunt,
1162 2319 1341 2383 allirmatio-

298 2439 354 2482 nes
379 2423 507 2482 omnium
529 2438 607 2500 quae
630 2427 708 2498 sunt,
728 2426 856 2500 atquae
874 2439 935 2482 nun
959 2428 1054 2483 sunt.“
1078 2420 1144 2500 (ΙΙΙ,
1166 2421 1232 2498 90.)
1254 2420 1340 2482 Con.

301 2520 435 2581 letantur
464 2526 621 2599 practerea
657 2519 706 2596 ΙΙΙ,
727 2517 760 2596 4,
786 2519 834 2598 17,
853 2521 905 2598 93,
934 2521 1041 2600 quibus
1059 2521 1135 2584 locis
1157 2521 1264 2584 eadem
1286 2538 1342 2584 res

299 2619 403 2682 iisdem
430 2635 501 2680 nere
525 2618 624 2682 verbis
647 2618 799 2682 declarata
822 2626 876 2682 est.
900 2659 941 2671 —

380 2718 427 2780 lv.
474 2719 592 2797 Sontas,
625 2727 779 2802 postquam
804 2740 852 2800 ea,
873 2739 950 2802 quae
974 2721 1065 2783 modo
1088 2730 1132 2797 (§.
1152 2721 1204 2799 38,
1226 2720 1275 2798 ΙΙΙ,
1299 2721 1341 2808 ‘¹9

302 2819 360 2882 div.
382 2826 445 2880 nat.
469 2818 519 2898 ΙΙΙ,
542 2819 608 2894 ab.)
631 2807 755 2902 integris
778 2822 842 2884 eius
863 2821 964 2883 verbis
985 2820 1131 2900 explicata
1154 2828 1232 2898 sunt,
1253 2813 1341 2884 edis-

297 2921 399 3006 seruit,
422 2919 480 2982 hac
509 2922 626 2984 ratione
661 2923 776 3004 pergit:
815 2923 915 3002 „llaec
938 2920 1031 2983 ardua
1055 2920 1142 2983 valde
1168 2929 1248 3000 sunt,
1267 2926 1297 2982 et
1321 2941 1340 2983 a

299 3022 441 3084 sensibus
468 3023 636 3102 corporalia
669 3031 699 3086 et
729 3025 858 3086 visibilia
893 3025 1086 3104 cogitantium
1120 3030 1255 3084 renruta:
1288 3021 1338 3084 bis

185 3149 187 3152 ·
303 3139 389 3199 vero,
422 3125 472 3202 qui
504 3122 694 3202 spiritualiter
729 3127 760 3187 in
783 3126 985 3206 cognitionem
1006 3125 1139 3186 veritatis
1162 3123 1341 3201 ascendunt,

301 3223 457 3284 uerissime
490 3223 669 3286 clarescunt.
724 3225 796 3298 Quis
825 3227 902 3288 enim
927 3225 1036 3286 claram
1058 3224 1221 3302 sapientiae
1242 3225 1341 3286 lucem

301 3341 428 3384 eernere
464 3323 626 3386 nolentiam
662 3324 732 3386 talia
766 3325 893 3388 audiens
925 3343 986 3386 non
1017 3324 1158 3386 continuo
1189 3331 1341 3404 erumpat:

301 3421 498 3500 „insaniunt
519 3427 568 3502 qui
588 3423 667 3486 haec
688 3425 816 3493 dicunt?
838 3463 876 3476 -
900 3425 1057 3498 Quomodo
1082 3426 1161 3486 eninr
1184 3425 1266 3486 Deus
1288 3425 1340 3486 in-

302 3521 447 3599 visibilis,
483 3523 698 3604 incorporalis,
720 3525 952 3604 incorruptibilis
973 3531 1109 3604 potesta
1133 3543 1167 3586 se
1190 3525 1254 3604 ipso
1280 3523 1340 3586 de-

301 3621 450 3682 scendere
485 3629 515 3684 et
545 3643 579 3684 so
599 3626 693 3704 ipsum
714 3626 744 3687 in
770 3625 907 3687 omnibus
929 3643 1050 3703 creare,
1073 3631 1104 3688 ot
1124 3630 1162 3686 sit
1184 3625 1283 3688 omnia
1307 3625 1339 3686 iu

301 3721 439 3782 omnibus
467 3726 499 3781 et
519 3739 613 3800 usque
634 3723 672 3785 ad
692 3731 842 3787 extremas
863 3725 949 3788 buius
971 3725 1074 3787 muudi
1097 3723 1220 3786 visibilis
1241 3725 1339 3804 turpi-
1375 3771 1380 3788 ,

303 3819 422 3882 tudines
455 3827 486 3882 et
509 3823 716 3900 corruptiones
746 3825 916 3901 vilissimas,
937 3823 1050 3888 formas
1071 3831 1102 3887 et
1123 3824 1241 3906 species
1263 3841 1339 3904 pro-

305 3921 438 4000 cedere,
472 3927 503 3984 ut
530 3925 596 4004 ipse
624 3925 713 3989 etiam
744 3928 776 3990 iu
807 3926 845 3989 iis
872 3929 927 4006 sit,
955 3927 983 3990 si
1013 3927 1112 3991 omnia
1139 3929 1169 3992 iu
1200 3926 1339 3990 omuibus

296 4021 395 4084 est‘l“
416 4055 457 4072 -
1290 4041 1294 4050 ·
