2938 4716
298 357 341 422 86

230 587 232 592 .
296 540 394 615 nium,
417 555 493 619 quae
516 545 605 613 suut,
628 543 736 600 causa“
758 575 792 588 -
818 555 962 618 „quornm
985 539 1059 602 dens
1083 557 1174 603 causa
1199 559 1261 604 non
1284 549 1340 619 εει,

297 655 334 700 εε
356 640 467 700 nescit‘
489 675 528 685 -
550 655 678 717 „rerum
713 656 791 719 quae
820 647 908 718 sunt,
943 641 1095 721 εοςιιίιιοι
1128 642 1287 717 (videlicet
1308 645 1339 705 in

296 739 371 818 deo)
396 745 459 818 „est
490 739 640 800 veraciter
668 756 818 814 rescae,
849 758 925 820 quae
949 747 1044 802 sunt.“
1067 779 1107 792 -
1132 742 1185 822 (lt,
1208 743 1257 820 ΙΙΙ,
1279 744 1339 820 983
1426 807 1427 810 ,

295 835 330 918 V,
350 841 408 918 973
430 839 480 918 ΙΙΙ,
501 842 532 902 4.
586 839 703 902 Deinde
728 839 768 902 cl.
791 841 887 902 eiusd.
914 841 951 903 de
973 843 1076 922 pracd.
1099 861 1163 924 sup.
1184 861 1251 924 cap.
1272 841 1338 920 lv.)

757 981 787 1048 §-
822 973 870 1041 16.

377 1091 467 1169 „Cum
487 1089 565 1152 nulla
588 1091 742 1171 categoria
765 1092 887 1171 proprie
909 1090 948 1152 de
971 1090 1029 1152 dco
1050 1090 1253 1171 praedicatur,
1277 1098 1341 1154 tum

296 1209 393 1272 neque
426 1209 506 1253 noua
540 1192 569 1250 in
593 1207 659 1252 cunr
679 1189 779 1268 cadit,
800 1187 959 1271 πράττειν.
1002 1192 1120 1253 Dicitur
1142 1199 1240 1254 autern
1263 1191 1341 1254 dens

298 1308 431 1352 creasse.
473 1290 532 1355 sed
565 1309 671 1354 creare
702 1297 733 1351 ct
754 1309 823 1352 esse
847 1292 877 1351 in
910 1291 969 1354 deo
998 1309 1087 1352 unum
1109 1291 1249 1374 idemque
1270 1300 1342 1356 sunt

295 1391 445 1453 habenda.
488 1391 569 1453 Deus
592 1409 652 1453 uon
675 1398 753 1469 erat,
773 1393 923 1471 priusqam
948 1393 1047 1456 omnia
1069 1393 1193 1459 laceret.
1236 1393 1342 1456 Coae-

296 1499 412 1554 ternum
434 1499 480 1554 est
501 1491 559 1553 deo
580 1510 665 1554 suum
688 1491 792 1554 lacere
812 1499 842 1552 et
865 1479 1074 1554 coessentiale.
1106 1495 1187 1554 Deus
1208 1500 1339 1556 etsuum

297 1591 400 1656 lacere
421 1592 450 1654 lr.
473 1610 500 1654 e.
531 1609 585 1654 sua
617 1593 696 1654 actio
730 1598 799 1654 suut
826 1610 914 1654 unum
937 1593 1062 1674 simplex
1084 1600 1114 1654 et
1135 1593 1339 1656 individuum:

296 1711 364 1756 nain
386 1692 477 1769 deus,
509 1695 557 1774 qui
579 1699 626 1754 est
645 1693 887 1769 innumerabilis,
916 1711 1070 1756 numerum
1092 1695 1121 1754 in
1142 1712 1176 1756 se
1198 1714 1259 1758 non
1285 1712 1342 1756 re-

297 1793 376 1874 cipit.
398 1833 439 1846 -
461 1793 532 1856 Cum
556 1811 632 1876 erqo
652 1792 798 1869 eudimus,
820 1793 907 1854 deum
929 1796 1028 1856 omnia
1051 1795 1175 1873 lacere,
1195 1795 1237 1858 ull
1257 1795 1340 1858 aliud

229 1921 237 1938 =
297 1893 442 1961 debemus
464 1893 643 1976 inlelligere,
665 1909 752 1972 quam
767 1893 855 1955 deum
876 1894 908 1956 in
928 1893 1065 1956 omuibus
1086 1911 1156 1956 esse
1179 1894 1208 1956 h.
1232 1912 1260 1958 ε.
1284 1912 1341 1956 εε-

296 1994 422 2056 sentiam
458 1997 588 2056 omnium
608 1995 783 2058 subsistere.
838 1992 904 2074 lpse
927 1997 1006 2056 euim
1031 1993 1114 2056 salus
1135 2013 1190 2075 per
1209 2013 1243 2056 se
1265 2013 1341 2058 verc

298 2102 356 2166 εει,
376 2101 539 2172 alumne,
572 2095 652 2175 quod
686 2111 759 2156 vere
795 2096 826 2156 in
846 2094 910 2172 liis,
932 2111 1008 2174 qnae
1030 2101 1108 2172 suut,
1131 2095 1239 2158 dicitur
1260 2113 1342 2174 csse,

299 2196 365 2276 ipsc
385 2195 468 2258 solus
490 2201 546 2258 cst.
589 2194 664 2258 Nihil
681 2195 759 2256 enim
779 2211 895 2271 corum,
916 2213 993 2274 quae
1015 2201 1091 2269 sunt,
1111 2213 1166 2275 per
1187 2213 1221 2256 se
1243 2196 1340 2276 ipsum

300 2313 373 2356 vere
397 2303 459 2372 est3
493 2295 691 2377 quodcunque
714 2303 811 2358 autem
836 2297 866 2357 in
891 2313 928 2356 eo
950 2313 1022 2357 vere
1043 2295 1223 2378 intelligitur,
1243 2299 1341 2376 parti-

299 2397 449 2477 cipatione
486 2397 579 2474 ipsius
614 2399 720 2474 unius,
753 2397 803 2478 qui
823 2394 906 2459 solus
929 2414 984 2477 per
1009 2415 1043 2459 sc
1065 2397 1160 2477 ipsum
1181 2404 1244 2476 est,
1267 2415 1341 2460 vere

299 2505 400 2574 (esse)
423 2497 559 2576 accipit“.
581 2533 621 2546 -
644 2496 683 2576 (Ι,
705 2498 772 2576 el.)

767 2641 796 2709 §-
824 2629 872 2693 ιι.

302 2723 305 2732 ’
382 2746 480 2826 Atque
503 2745 552 2807 lric
578 2747 641 2826 ipse
665 2747 748 2809 Scoti
772 2746 857 2809 locus
878 2747 1120 2828 percommodum
1144 2746 1234 2808 uobis
1254 2752 1340 2808 tran-

291 2847 388 2923 situm
417 2853 503 2926 parat
535 2847 572 2908 ad
602 2846 689 2908 aliam
723 2847 871 2928 quandam
908 2849 946 2908 dc
972 2848 1119 2909 creatrice
1140 2849 1205 2909 eius
1228 2847 1340 2910 Natura

299 2947 538 3027 disputationem.

383 3047 430 3109 llil
464 3049 554 3130 igitur
587 3048 646 3110 lroc
667 3048 735 3110 loco
759 3048 880 3110 videtur
899 3048 1047 3128 apertius!
1068 3084 1108 3097 -
1131 3047 1234 3109 Oculis
1254 3048 1341 3110 cerui

301 3145 413 3210 dixeris
447 3147 628 3212 horrendum
649 3149 826 3230 pantheismi
849 3151 1028 3215 monstrum!
1057 3147 1217 3228 Expressis
1239 3147 1342 3210 verbis

301 3249 441 3328 scriptum
476 3255 538 3326 est,
572 3250 749 3311 creatricem
780 3249 940 3328 Naturam,
969 3267 1056 3328 qnam
1088 3248 1174 3309 deum
1198 3247 1341 3328 appellari

302 3347 446 3426 diximus,
467 3347 506 3410 ila
531 3365 601 3411 esse
623 3350 654 3411 in
676 3351 813 3412 omnibus
834 3349 937 3429 rebus,
960 3365 1034 3430 quas
1058 3349 1139 3424 lecit,
1162 3355 1195 3410 ut
1215 3365 1251 3410 cu
1274 3349 1341 3428 ipsa

302 3449 341 3510 ait
377 3449 441 3510 sola
474 3467 512 3510 ac
543 3468 616 3512 vera
657 3449 761 3511 irarum
790 3467 891 3512 rernm
923 3451 1066 3510 essentia.
1112 3450 1211 3530 Atque
1233 3447 1341 3509 eudem

302 3565 425 3628 prorsus
461 3551 579 3612 ratione
613 3551 775 3632 Erigenom
806 3551 980 3631 saepissime
1013 3549 1142 3612 locutum
1164 3548 1342 3611 invenimus.

300 3649 389 3712 Velut
408 3653 437 3712 in
464 3653 561 3734 primo
595 3651 633 3714 de
667 3657 728 3713 nat.
762 3651 1343 3731 (cap.73):„Fieri“,iuq11it,„aesti-

299 3759 401 3814 matur
421 3751 495 3814 deus
517 3755 547 3816 in
569 3755 714 3815 creaturis
737 3754 800 3815 ouis
821 3753 1038 3832 universaliter,
1068 3753 1135 3814 dnm
1160 3753 1189 3814 in
1213 3751 1258 3812 eis
1280 3765 1342 3811 uon

302 3855 399 3916 solum
432 3854 605 3936 intelligitur
627 3873 718 3935 csse,
738 3855 805 3917 sinc
825 3872 884 3934 quo
906 3873 975 3918 csse
996 3873 1057 3917 non
1076 3860 1212 3934 possunt,
1233 3851 1288 3913 scd
1312 3858 1343 3913 et

306 3971 410 4016 corum
445 3957 577 4017 essentia
596 3955 661 4018 sit“.
684 3993 724 4004 -
748 3955 786 4018 Et
805 3956 917 4018 ibidem
941 3966 1024 4035 (cap.
1047 3948 1113 4026 3'.t:
1134 3955 1232 4034 „licus
1254 3969 1344 4012 nam-

303 4074 360 4135 que
383 4059 513 4121 omnium
536 4060 669 4121 essentia
686 4067 750 4140 est,
784 4058 834 4142 qni
855 4057 941 4122 solus
959 4075 1033 4122 rere
1055 4063 1129 4122 cst“.
1157 4057 1261 4140 Neque
1282 4075 1345 4120 uon
