<?xml version="1.0" encoding="UTF-8"?>
<!DOCTYPE html PUBLIC "-//W3C//DTD XHTML 1.0 Transitional//EN"
    "http://www.w3.org/TR/xhtml1/DTD/xhtml1-transitional.dtd">
<html xmlns="http://www.w3.org/1999/xhtml" xml:lang="en" lang="en">
 <head>
  <title>
</title>
<meta http-equiv="Content-Type" content="text/html;charset=utf-8" />
  <meta name='ocr-system' content='tesseract 3.04.00' />
  <meta name='ocr-capabilities' content='ocr_page ocr_carea ocr_par ocr_line ocrx_word'/>
</head>
<body>
  <div class='ocr_page' id='page_1' title='image "./deioannescotoer00unkngoog_0370.png"; bbox 0 0 2940 4710; ppageno 0'>
   <div class='ocr_carea' id='block_1_1' title="bbox 704 279 768 344">
    <p class='ocr_par' dir='ltr' id='par_1_1' title="bbox 704 279 768 344">
     <span class='ocr_line' id='line_1_1' title="bbox 704 279 768 344; baseline 0.047 -2"><span class='ocrx_word' id='word_1_1' title='bbox 704 279 768 344; x_wconf 81' lang='lat'><strong>225</strong></span> 
     </span>
    </p>
   </div>
   <div class='ocr_carea' id='block_1_2' title="bbox 633 361 843 382">
    <p class='ocr_par' dir='ltr' id='par_1_2' title="bbox 633 361 843 382">
     <span class='ocr_line' id='line_1_2' title="bbox 633 361 843 382; baseline 0.029 -5"><span class='ocrx_word' id='word_1_2' title='bbox 633 361 843 382; x_wconf 65' lang='lat' dir='ltr'>——n—</span> 
     </span>
    </p>
   </div>
   <div class='ocr_carea' id='block_1_3' title="bbox 312 423 1162 1785">
    <p class='ocr_par' dir='ltr' id='par_1_3' title="bbox 312 423 1162 1785">
     <span class='ocr_line' id='line_1_3' title="bbox 606 423 869 495; baseline 0.015 -5"><span class='ocrx_word' id='word_1_3' title='bbox 606 423 661 490; x_wconf 79' lang='lat' dir='ltr'><strong>iic</strong></span> <span class='ocrx_word' id='word_1_4' title='bbox 682 429 830 491; x_wconf 75' lang='lat' dir='ltr'><strong>Boiitiri</strong></span> <span class='ocrx_word' id='word_1_5' title='bbox 840 451 869 495; x_wconf 91' lang='lat' dir='ltr'><strong>u.</strong></span> 
     </span>
     <span class='ocr_line' id='line_1_4' title="bbox 312 523 1092 621; baseline 0.023 -35"><span class='ocrx_word' id='word_1_6' title='bbox 312 525 409 590; x_wconf 86' lang='lat' dir='ltr'><strong>lioma</strong></span> <span class='ocrx_word' id='word_1_7' title='bbox 424 523 536 611; x_wconf 74' lang='lat' dir='ltr'><strong>poten·</strong></span> <span class='ocrx_word' id='word_1_8' title='bbox 554 529 627 595; x_wconf 91' lang='lat' dir='ltr'><strong>dum</strong></span> <span class='ocrx_word' id='word_1_9' title='bbox 638 535 713 614; x_wconf 86' lang='lat' dir='ltr'><strong>jura</strong></span> <span class='ocrx_word' id='word_1_10' title='bbox 728 554 786 598; x_wconf 83' lang='lat' dir='ltr'><strong>rue</strong></span> <span class='ocrx_word' id='word_1_11' title='bbox 802 532 939 600; x_wconf 77' lang='lat' dir='ltr'><strong>declarat</strong></span> <span class='ocrx_word' id='word_1_12' title='bbox 952 541 984 604; x_wconf 94' lang='lat' dir='ltr'><strong>iu</strong></span> <span class='ocrx_word' id='word_1_13' title='bbox 999 542 1092 621; x_wconf 49' lang='lat' dir='ltr'><strong>orbes</strong></span> 
     </span>
     <span class='ocr_line' id='line_1_5' title="bbox 314 631 1073 727; baseline 0.022 -34"><span class='ocrx_word' id='word_1_14' title='bbox 314 631 363 694; x_wconf 85' lang='lat' dir='ltr'><strong>Tu</strong></span> <span class='ocrx_word' id='word_1_15' title='bbox 380 639 471 716; x_wconf 81' lang='lat' dir='ltr'><strong>pater</strong></span> <span class='ocrx_word' id='word_1_16' title='bbox 486 641 518 696; x_wconf 86' lang='lat' dir='ltr'><strong>et</strong></span> <span class='ocrx_word' id='word_1_17' title='bbox 531 640 651 718; x_wconf 76' lang='lat' dir='ltr'><strong>patriae</strong></span> <span class='ocrx_word' id='word_1_18' title='bbox 667 637 773 702; x_wconf 88' lang='lat' dir='ltr'><strong>lumen</strong></span> <span class='ocrx_word' id='word_1_19' title='bbox 788 640 933 706; x_wconf 83' lang='lat' dir='ltr'><strong>Sererinc</strong></span> <span class='ocrx_word' id='word_1_20' title='bbox 950 647 1073 727; x_wconf 68' lang='lat' dir='ltr'><strong>Boethi,</strong></span> 
     </span>
     <span class='ocr_line' id='line_1_6' title="bbox 315 736 1023 832; baseline 0.023 -33"><span class='ocrx_word' id='word_1_21' title='bbox 315 736 461 802; x_wconf 59' lang='lat' dir='ltr'><strong>&amp;neuile</strong></span> <span class='ocrx_word' id='word_1_22' title='bbox 477 741 580 804; x_wconf 88' lang='lat' dir='ltr'><strong>cilicio</strong></span> <span class='ocrx_word' id='word_1_23' title='bbox 594 763 700 806; x_wconf 85' lang='lat' dir='ltr'><strong>rerum</strong></span> <span class='ocrx_word' id='word_1_24' title='bbox 716 743 858 828; x_wconf 83' lang='lat' dir='ltr'><strong>diepouie</strong></span> <span class='ocrx_word' id='word_1_25' title='bbox 874 749 1023 832; x_wconf 82' lang='lat' dir='ltr'><strong>habenae,</strong></span> 
     </span>
     <span class='ocr_line' id='line_1_7' title="bbox 317 842 1005 922; baseline 0.023 -19"><span class='ocrx_word' id='word_1_26' title='bbox 317 842 457 905; x_wconf 80' lang='lat' dir='ltr'><strong>hirrndir</strong></span> <span class='ocrx_word' id='word_1_27' title='bbox 474 843 576 908; x_wconf 89' lang='lat' dir='ltr'><strong>iumen</strong></span> <span class='ocrx_word' id='word_1_28' title='bbox 594 851 708 915; x_wconf 83' lang='lat' dir='ltr'><strong>etudiie</strong></span> <span class='ocrx_word' id='word_1_29' title='bbox 730 861 762 915; x_wconf 84' lang='lat' dir='ltr'><strong>ct</strong></span> <span class='ocrx_word' id='word_1_30' title='bbox 776 853 885 916; x_wconf 81' lang='lat' dir='ltr'>cedere</span> <span class='ocrx_word' id='word_1_31' title='bbox 903 859 1005 922; x_wconf 75' lang='lat' dir='ltr'><strong>nescia</strong></span> 
     </span>
     <span class='ocr_line' id='line_1_8' title="bbox 318 949 1115 1032; baseline 0.023 -20"><span class='ocrx_word' id='word_1_32' title='bbox 318 949 509 1012; x_wconf 78' lang='lat' dir='ltr'><strong>Graecorum</strong></span> <span class='ocrx_word' id='word_1_33' title='bbox 524 952 673 1032; x_wconf 70' lang='lat' dir='ltr'><strong>ingeniica</strong></span> <span class='ocrx_word' id='word_1_34' title='bbox 695 957 753 1020; x_wconf 82' lang='lat' dir='ltr'><strong>eed</strong></span> <span class='ocrx_word' id='word_1_35' title='bbox 772 979 859 1024; x_wconf 82' lang='lat' dir='ltr'><strong>mene</strong></span> <span class='ocrx_word' id='word_1_36' title='bbox 875 961 977 1024; x_wconf 86' lang='lat' dir='ltr'><strong>divina</strong></span> <span class='ocrx_word' id='word_1_37' title='bbox 994 971 1115 1029; x_wconf 77' lang='lat' dir='ltr'><strong>co&#39;ercet</strong></span> 
     </span>
     <span class='ocr_line' id='line_1_9' title="bbox 313 1055 1103 1144; baseline 0.025 -30"><span class='ocrx_word' id='word_1_38' title='bbox 313 1055 479 1136; x_wconf 74' lang='lat' dir='ltr'><strong>Imperium</strong></span> <span class='ocrx_word' id='word_1_39' title='bbox 495 1056 621 1137; x_wconf 85' lang='lat' dir='ltr'><strong>mundi,</strong></span> <span class='ocrx_word' id='word_1_40' title='bbox 641 1061 745 1144; x_wconf 72' lang='lat' dir='ltr'><strong>gladio</strong></span> <span class='ocrx_word' id='word_1_41' title='bbox 760 1067 912 1129; x_wconf 79' lang='lat' dir='ltr'><strong>bachante</strong></span> <span class='ocrx_word' id='word_1_42' title='bbox 929 1069 1103 1135; x_wconf 75' lang='lat' dir='ltr'><strong>Gothorum</strong></span> 
     </span>
     <span class='ocr_line' id='line_1_10' title="bbox 319 1159 1046 1250; baseline 0.026 -30"><span class='ocrx_word' id='word_1_43' title='bbox 319 1159 464 1224; x_wconf 79' lang='lat' dir='ltr'><strong>Liberior</strong></span> <span class='ocrx_word' id='word_1_44' title='bbox 479 1162 618 1225; x_wconf 84' lang='lat' dir='ltr'><strong>Romana</strong></span> <span class='ocrx_word' id='word_1_45' title='bbox 632 1170 730 1250; x_wconf 86' lang='lat' dir='ltr'><strong>perit:</strong></span> <span class='ocrx_word' id='word_1_46' title='bbox 752 1176 787 1231; x_wconf 89' lang='lat' dir='ltr'><strong>tu</strong></span> <span class='ocrx_word' id='word_1_47' title='bbox 802 1169 910 1233; x_wconf 77' lang='lat' dir='ltr'><strong>consul</strong></span> <span class='ocrx_word' id='word_1_48' title='bbox 927 1180 958 1235; x_wconf 86' lang='lat' dir='ltr'><strong>ct</strong></span> <span class='ocrx_word' id='word_1_49' title='bbox 974 1175 1046 1238; x_wconf 83' lang='lat' dir='ltr'><strong>exul</strong></span> 
     </span>
     <span class='ocr_line' id='line_1_11' title="bbox 317 1266 1046 1362; baseline 0.025 -34"><span class='ocrx_word' id='word_1_50' title='bbox 317 1266 457 1348; x_wconf 69' lang='lat' dir='ltr'><strong>iueiguee</strong></span> <span class='ocrx_word' id='word_1_51' title='bbox 474 1267 583 1332; x_wconf 77' lang='lat' dir='ltr'><strong>tinum</strong></span> <span class='ocrx_word' id='word_1_52' title='bbox 598 1271 757 1352; x_wconf 84' lang='lat' dir='ltr'><strong>praeclara</strong></span> <span class='ocrx_word' id='word_1_53' title='bbox 772 1283 872 1338; x_wconf 86' lang='lat' dir='ltr'><strong>morto</strong></span> <span class='ocrx_word' id='word_1_54' title='bbox 886 1279 1046 1362; x_wconf 76' lang='lat' dir='ltr'><strong>relinquis.</strong></span> 
     </span>
     <span class='ocr_line' id='line_1_12' title="bbox 316 1373 1162 1467; baseline 0.028 -33"><span class='ocrx_word' id='word_1_55' title='bbox 316 1373 405 1434; x_wconf 88' lang='lat' dir='ltr'><strong>Nunc</strong></span> <span class='ocrx_word' id='word_1_56' title='bbox 421 1373 516 1438; x_wconf 83' lang='lat' dir='ltr'><strong>decue</strong></span> <span class='ocrx_word' id='word_1_57' title='bbox 530 1377 654 1458; x_wconf 85' lang='lat' dir='ltr'><strong>imperii</strong></span> <span class='ocrx_word' id='word_1_58' title='bbox 671 1398 805 1442; x_wconf 72' lang='lat' dir='ltr'><strong>summac</strong></span> <span class='ocrx_word' id='word_1_59' title='bbox 819 1385 872 1464; x_wconf 81' lang='lat' dir='ltr'><strong>qui</strong></span> <span class='ocrx_word' id='word_1_60' title='bbox 886 1396 1069 1467; x_wconf 75' lang='lat' dir='ltr'><strong>praegravat</strong></span> <span class='ocrx_word' id='word_1_61' title='bbox 1079 1401 1162 1458; x_wconf 74' lang='lat' dir='ltr'><strong>arte·</strong></span> 
     </span>
     <span class='ocr_line' id='line_1_13' title="bbox 315 1477 1032 1571; baseline 0.02 -31"><span class='ocrx_word' id='word_1_62' title='bbox 315 1477 447 1540; x_wconf 70' lang='lat' dir='ltr'><strong>Tertius</strong></span> <span class='ocrx_word' id='word_1_63' title='bbox 465 1481 541 1542; x_wconf 85' lang='lat' dir='ltr'><strong>Otto</strong></span> <span class='ocrx_word' id='word_1_64' title='bbox 561 1500 618 1544; x_wconf 82' lang='lat' dir='ltr'><strong>uua</strong></span> <span class='ocrx_word' id='word_1_65' title='bbox 631 1481 758 1564; x_wconf 74' lang='lat' dir='ltr'><strong>dignum</strong></span> <span class='ocrx_word' id='word_1_66' title='bbox 772 1492 804 1548; x_wconf 88' lang='lat' dir='ltr'><strong>te</strong></span> <span class='ocrx_word' id='word_1_67' title='bbox 813 1489 936 1570; x_wconf 80' lang='lat' dir='ltr'><strong>judicat</strong></span> <span class='ocrx_word' id='word_1_68' title='bbox 951 1493 1032 1571; x_wconf 85' lang='lat' dir='ltr'><strong>auia,</strong></span> 
     </span>
     <span class='ocr_line' id='line_1_14' title="bbox 315 1585 1095 1684; baseline 0.024 -38"><span class='ocrx_word' id='word_1_69' title='bbox 315 1585 545 1666; x_wconf 77' lang='lat' dir='ltr'><strong>Aeternumque</strong></span> <span class='ocrx_word' id='word_1_70' title='bbox 561 1586 610 1648; x_wconf 90' lang='lat' dir='ltr'><strong>tui</strong></span> <span class='ocrx_word' id='word_1_71' title='bbox 625 1592 737 1654; x_wconf 81' lang='lat' dir='ltr'><strong>etatuit</strong></span> <span class='ocrx_word' id='word_1_72' title='bbox 758 1602 954 1657; x_wconf 83' lang='lat' dir='ltr'><strong>monumenta</strong></span> <span class='ocrx_word' id='word_1_73' title='bbox 967 1597 1095 1684; x_wconf 85' lang='lat' dir='ltr'><strong>laborie,</strong></span> 
     </span>
     <span class='ocr_line' id='line_1_15' title="bbox 314 1691 1159 1785; baseline 0.026 -32"><span class='ocrx_word' id='word_1_74' title='bbox 314 1691 357 1753; x_wconf 76' lang='lat' dir='ltr'><strong>Et</strong></span> <span class='ocrx_word' id='word_1_75' title='bbox 372 1691 450 1754; x_wconf 81' lang='lat' dir='ltr'><strong>benc</strong></span> <span class='ocrx_word' id='word_1_76' title='bbox 465 1695 668 1774; x_wconf 84' lang='lat' dir='ltr'><strong>promeritum</strong></span> <span class='ocrx_word' id='word_1_77' title='bbox 684 1697 805 1760; x_wconf 72' lang='lat' dir='ltr'><strong>meriti·</strong></span> <span class='ocrx_word' id='word_1_78' title='bbox 820 1709 948 1764; x_wconf 82' lang='lat' dir='ltr'><strong>exornat</strong></span> <span class='ocrx_word' id='word_1_79' title='bbox 962 1703 1106 1773; x_wconf 76' lang='lat' dir='ltr'><strong>honertii</strong></span> <span class='ocrx_word' id='word_1_80' title='bbox 1112 1707 1159 1785; x_wconf 90' lang='lat'><strong>¹).</strong></span> 
     </span>
    </p>
   </div>
   <div class='ocr_carea' id='block_1_4' title="bbox 333 1883 1131 1995">
    <p class='ocr_par' dir='ltr' id='par_1_4' title="bbox 333 1883 1131 1995">
     <span class='ocr_line' id='line_1_16' title="bbox 333 1883 1131 1995; baseline 0.026 -36"><span class='ocrx_word' id='word_1_81' title='bbox 333 1883 383 1960; x_wconf 82' lang='lat' dir='ltr'><strong>V.</strong></span> <span class='ocrx_word' id='word_1_82' title='bbox 416 1885 618 1965; x_wconf 75' lang='lat' dir='ltr'><strong>Decretum</strong></span> <span class='ocrx_word' id='word_1_83' title='bbox 645 1887 843 1966; x_wconf 83' lang='lat' dir='ltr'><strong>electionis</strong></span> <span class='ocrx_word' id='word_1_84' title='bbox 867 1889 1055 1995; x_wconf 82' lang='lat' dir='ltr'><strong>Syivestri</strong></span> <span class='ocrx_word' id='word_1_85' title='bbox 1079 1902 1131 1980; x_wconf 86' lang='grc' dir='ltr'><strong>ΙΙ.</strong></span> 
     </span>
    </p>
   </div>
   <div class='ocr_carea' id='block_1_5' title="bbox 569 2032 909 2120">
    <p class='ocr_par' dir='ltr' id='par_1_5' title="bbox 569 2032 909 2120">
     <span class='ocr_line' id='line_1_17' title="bbox 569 2032 909 2120; baseline 0.029 -25"><span class='ocrx_word' id='word_1_86' title='bbox 569 2032 707 2108; x_wconf 73' lang='lat' dir='ltr'><strong>&lt;ddunt</strong></span> <span class='ocrx_word' id='word_1_87' title='bbox 722 2035 754 2100; x_wconf 78' lang='lat'><strong>3.</strong></span> <span class='ocrx_word' id='word_1_88' title='bbox 768 2057 800 2120; x_wconf 86' lang='lat' dir='ltr'><strong>p.</strong></span> <span class='ocrx_word' id='word_1_89' title='bbox 819 2037 909 2114; x_wconf 84' lang='lat'>130.)</span> 
     </span>
    </p>
   </div>
   <div class='ocr_carea' id='block_1_6' title="bbox 183 2159 1287 3344">
    <p class='ocr_par' dir='ltr' id='par_1_6' title="bbox 183 2159 1287 3334">
     <span class='ocr_line' id='line_1_18' title="bbox 274 2159 1284 2251; baseline 0.029 -30"><span class='ocrx_word' id='word_1_90' title='bbox 274 2161 327 2235; x_wconf 77' lang='lat' dir='ltr'><strong>„ln</strong></span> <span class='ocrx_word' id='word_1_91' title='bbox 346 2163 469 2223; x_wconf 89' lang='lat' dir='ltr'><strong>nomine</strong></span> <span class='ocrx_word' id='word_1_92' title='bbox 487 2165 613 2224; x_wconf 81' lang='lat' dir='ltr'><strong>canetae</strong></span> <span class='ocrx_word' id='word_1_93' title='bbox 630 2168 662 2225; x_wconf 88' lang='lat' dir='ltr'><strong>et</strong></span> <span class='ocrx_word' id='word_1_94' title='bbox 675 2161 854 2228; x_wconf 73' lang='lat' dir='ltr'><strong>individuae</strong></span> <span class='ocrx_word' id='word_1_95' title='bbox 871 2168 1044 2234; x_wconf 69' lang='lat' dir='ltr'><strong>Trinitatis.</strong></span> <span class='ocrx_word' id='word_1_96' title='bbox 1077 2175 1151 2239; x_wconf 88' lang='lat' dir='ltr'><strong>ouo</strong></span> <span class='ocrx_word' id='word_1_97' title='bbox 1169 2159 1284 2251; x_wconf 68' lang='lat' dir='ltr'><strong>seren·</strong></span> 
     </span>
     <span class='ocr_line' id='line_1_19' title="bbox 187 2263 1287 2355; baseline 0.027 -30"><span class='ocrx_word' id='word_1_98' title='bbox 187 2263 409 2350; x_wconf 66' lang='lat' dir='ltr'><strong>Apostolorum</strong></span> <span class='ocrx_word' id='word_1_99' title='bbox 437 2273 467 2328; x_wconf 90' lang='lat' dir='ltr'><strong>et</strong></span> <span class='ocrx_word' id='word_1_100' title='bbox 483 2267 653 2330; x_wconf 80' lang='lat' dir='ltr'><strong>coeundum</strong></span> <span class='ocrx_word' id='word_1_101' title='bbox 668 2267 856 2334; x_wconf 82' lang='lat' dir='ltr'><strong>uoluntatem</strong></span> <span class='ocrx_word' id='word_1_102' title='bbox 872 2275 929 2336; x_wconf 90' lang='lat' dir='ltr'><strong>Dei</strong></span> <span class='ocrx_word' id='word_1_103' title='bbox 947 2275 1116 2346; x_wconf 82' lang='lat' dir='ltr'><strong>Salvatoriu</strong></span> <span class='ocrx_word' id='word_1_104' title='bbox 1133 2285 1287 2355; x_wconf 84' lang='lat' dir='ltr'><strong>Romano-</strong></span> 
     </span>
     <span class='ocr_line' id='line_1_20' title="bbox 185 2373 1286 2480; baseline 0.019 -49"><span class='ocrx_word' id='word_1_105' title='bbox 185 2392 255 2435; x_wconf 83' lang='lat' dir='ltr'><strong>rum</strong></span> <span class='ocrx_word' id='word_1_106' title='bbox 272 2373 622 2456; x_wconf 75' lang='lat' dir='ltr'><strong>Imperatoriiugurtue.</strong></span> <span class='ocrx_word' id='word_1_107' title='bbox 644 2374 775 2438; x_wconf 86' lang='lat' dir='ltr'><strong>Romam</strong></span> <span class='ocrx_word' id='word_1_108' title='bbox 791 2385 885 2466; x_wconf 84' lang='lat' dir='ltr'><strong>caput</strong></span> <span class='ocrx_word' id='word_1_109' title='bbox 898 2381 1003 2444; x_wconf 91' lang='lat' dir='ltr'><strong>mundi</strong></span> <span class='ocrx_word' id='word_1_110' title='bbox 1018 2389 1208 2473; x_wconf 83' lang='lat' dir='ltr'><strong>profitemur,</strong></span> <span class='ocrx_word' id='word_1_111' title='bbox 1221 2399 1286 2480; x_wconf 67' lang='lat' dir='ltr'><strong>Ra.</strong></span> 
     </span>
     <span class='ocr_line' id='line_1_21' title="bbox 185 2475 1286 2592; baseline 0.03 -55"><span class='ocrx_word' id='word_1_112' title='bbox 185 2497 307 2538; x_wconf 83' lang='lat' dir='ltr'><strong>manem</strong></span> <span class='ocrx_word' id='word_1_113' title='bbox 310 2475 491 2540; x_wconf 78' lang='lat' dir='ltr'><strong>eeclesiam</strong></span> <span class='ocrx_word' id='word_1_114' title='bbox 512 2485 640 2542; x_wconf 90' lang='lat' dir='ltr'><strong>matrem</strong></span> <span class='ocrx_word' id='word_1_115' title='bbox 658 2484 792 2544; x_wconf 90' lang='lat' dir='ltr'><strong>omnium</strong></span> <span class='ocrx_word' id='word_1_116' title='bbox 810 2481 1020 2552; x_wconf 75' lang='lat' dir='ltr'><strong>Ecclesiarum</strong></span> <span class='ocrx_word' id='word_1_117' title='bbox 1038 2512 1107 2556; x_wconf 78' lang='lat' dir='ltr'><strong>eece</strong></span> <span class='ocrx_word' id='word_1_118' title='bbox 1124 2504 1286 2592; x_wconf 79' lang='lat' dir='ltr'><strong>testamur,</strong></span> 
     </span>
     <span class='ocr_line' id='line_1_22' title="bbox 186 2581 1284 2678; baseline 0.03 -33"><span class='ocrx_word' id='word_1_119' title='bbox 186 2581 243 2646; x_wconf 85' lang='lat' dir='ltr'><strong>eed</strong></span> <span class='ocrx_word' id='word_1_120' title='bbox 261 2583 382 2644; x_wconf 88' lang='lat' dir='ltr'><strong>incuria</strong></span> <span class='ocrx_word' id='word_1_121' title='bbox 401 2592 433 2647; x_wconf 88' lang='lat' dir='ltr'><strong>ot</strong></span> <span class='ocrx_word' id='word_1_122' title='bbox 450 2585 614 2647; x_wconf 77' lang='lat' dir='ltr'><strong>inscientia</strong></span> <span class='ocrx_word' id='word_1_123' title='bbox 630 2581 811 2650; x_wconf 81' lang='lat' dir='ltr'><strong>Pontificum</strong></span> <span class='ocrx_word' id='word_1_124' title='bbox 833 2611 906 2652; x_wconf 82' lang='lat' dir='ltr'><strong>cuae</strong></span> <span class='ocrx_word' id='word_1_125' title='bbox 922 2589 1073 2662; x_wconf 78' lang='lat' dir='ltr'><strong>claritatis</strong></span> <span class='ocrx_word' id='word_1_126' title='bbox 1095 2606 1203 2672; x_wconf 79' lang='lat' dir='ltr'><strong>titulos</strong></span> <span class='ocrx_word' id='word_1_127' title='bbox 1227 2617 1284 2678; x_wconf 86' lang='lat' dir='ltr'><strong>ob-</strong></span> 
     </span>
     <span class='ocr_line' id='line_1_23' title="bbox 187 2689 1285 2786; baseline 0.033 -37"><span class='ocrx_word' id='word_1_128' title='bbox 187 2689 340 2751; x_wconf 82' lang='lat' dir='ltr'><strong>lureaeee</strong></span> <span class='ocrx_word' id='word_1_129' title='bbox 376 2691 453 2752; x_wconf 89' lang='lat' dir='ltr'><strong>Nam</strong></span> <span class='ocrx_word' id='word_1_130' title='bbox 478 2710 539 2754; x_wconf 92' lang='lat' dir='ltr'><strong>non</strong></span> <span class='ocrx_word' id='word_1_131' title='bbox 563 2691 665 2754; x_wconf 78' lang='lat' dir='ltr'><strong>coium</strong></span> <span class='ocrx_word' id='word_1_132' title='bbox 689 2712 766 2774; x_wconf 87' lang='lat' dir='ltr'><strong>quae</strong></span> <span class='ocrx_word' id='word_1_133' title='bbox 790 2702 876 2758; x_wconf 80' lang='lat' dir='ltr'><strong>extra</strong></span> <span class='ocrx_word' id='word_1_134' title='bbox 893 2701 999 2764; x_wconf 88' lang='lat' dir='ltr'><strong>urbem</strong></span> <span class='ocrx_word' id='word_1_135' title='bbox 1015 2725 1083 2768; x_wconf 79' lang='lat' dir='ltr'><strong>care</strong></span> <span class='ocrx_word' id='word_1_136' title='bbox 1101 2712 1285 2786; x_wconf 85' lang='lat' dir='ltr'><strong>videbantur</strong></span> 
     </span>
     <span class='ocr_line' id='line_1_24' title="bbox 188 2790 1283 2891; baseline 0.033 -37"><span class='ocrx_word' id='word_1_137' title='bbox 188 2790 411 2873; x_wconf 85' lang='lat' dir='ltr'><strong>vendiderunt,</strong></span> <span class='ocrx_word' id='word_1_138' title='bbox 433 2802 465 2857; x_wconf 90' lang='lat' dir='ltr'><strong>et</strong></span> <span class='ocrx_word' id='word_1_139' title='bbox 487 2795 670 2876; x_wconf 73' lang='lat' dir='ltr'><strong>quarumdam</strong></span> <span class='ocrx_word' id='word_1_140' title='bbox 694 2795 836 2864; x_wconf 84' lang='lat' dir='ltr'><strong>colluviie</strong></span> <span class='ocrx_word' id='word_1_141' title='bbox 859 2803 955 2867; x_wconf 86' lang='lat' dir='ltr'><strong>alare</strong></span> <span class='ocrx_word' id='word_1_142' title='bbox 980 2817 1078 2878; x_wconf 76' lang='lat' dir='ltr'><strong>nancti</strong></span> <span class='ocrx_word' id='word_1_143' title='bbox 1100 2817 1183 2884; x_wconf 83' lang='lat' dir='ltr'><strong>Petri</strong></span> <span class='ocrx_word' id='word_1_144' title='bbox 1208 2826 1283 2891; x_wconf 86' lang='lat' dir='ltr'><strong>alie-</strong></span> 
     </span>
     <span class='ocr_line' id='line_1_25' title="bbox 188 2899 1282 3006; baseline 0.034 -46"><span class='ocrx_word' id='word_1_145' title='bbox 188 2906 362 2979; x_wconf 80' lang='lat' dir='ltr'><strong>naverunt,</strong></span> <span class='ocrx_word' id='word_1_146' title='bbox 385 2899 440 2963; x_wconf 80' lang='lat' dir='ltr'><strong>red</strong></span> <span class='ocrx_word' id='word_1_147' title='bbox 463 2900 546 2982; x_wconf 89' lang='lat' dir='ltr'><strong>quod</strong></span> <span class='ocrx_word' id='word_1_148' title='bbox 572 2903 688 2982; x_wconf 76' lang='lat' dir='ltr'><strong>absque</strong></span> <span class='ocrx_word' id='word_1_149' title='bbox 715 2903 820 2967; x_wconf 89' lang='lat' dir='ltr'><strong>dolore</strong></span> <span class='ocrx_word' id='word_1_150' title='bbox 843 2927 903 2969; x_wconf 92' lang='lat' dir='ltr'><strong>non</strong></span> <span class='ocrx_word' id='word_1_151' title='bbox 928 2907 1076 2997; x_wconf 78' lang='lat' dir='ltr'><strong>dicimur,</strong></span> <span class='ocrx_word' id='word_1_152' title='bbox 1099 2925 1126 2985; x_wconf 82' lang='lat' dir='ltr'><strong>ei</strong></span> <span class='ocrx_word' id='word_1_153' title='bbox 1149 2932 1223 3006; x_wconf 81' lang='lat' dir='ltr'><strong>quid</strong></span> <span class='ocrx_word' id='word_1_154' title='bbox 1249 2937 1282 3000; x_wconf 89' lang='lat' dir='ltr'><strong>in</strong></span> 
     </span>
     <span class='ocr_line' id='line_1_26' title="bbox 187 3005 1282 3116; baseline 0.025 -48"><span class='ocrx_word' id='word_1_155' title='bbox 187 3005 247 3068; x_wconf 84' lang='lat' dir='ltr'><strong>hac</strong></span> <span class='ocrx_word' id='word_1_156' title='bbox 263 3015 372 3068; x_wconf 77' lang='lat' dir='ltr'><strong>nostra</strong></span> <span class='ocrx_word' id='word_1_157' title='bbox 399 3009 475 3070; x_wconf 80' lang='lat' dir='ltr'><strong>urbe</strong></span> <span class='ocrx_word' id='word_1_158' title='bbox 491 3008 575 3090; x_wconf 75' lang='lat' dir='ltr'><strong>regia</strong></span> <span class='ocrx_word' id='word_1_159' title='bbox 588 3006 780 3086; x_wconf 87' lang='lat' dir='ltr'><strong>habuerunt,</strong></span> <span class='ocrx_word' id='word_1_160' title='bbox 801 3019 836 3074; x_wconf 92' lang='lat' dir='ltr'><strong>ut</strong></span> <span class='ocrx_word' id='word_1_161' title='bbox 853 3018 962 3098; x_wconf 85' lang='lat' dir='ltr'><strong>maj0r1</strong></span> <span class='ocrx_word' id='word_1_162' title='bbox 954 3017 1102 3087; x_wconf 87' lang='lat' dir='ltr'><strong>&#39;licentia</strong></span> <span class='ocrx_word' id='word_1_163' title='bbox 1118 3050 1282 3116; x_wconf 77' lang='lat' dir='ltr'><strong>evagaren.</strong></span> 
     </span>
     <span class='ocr_line' id='line_1_27' title="bbox 186 3113 1282 3223; baseline 0.026 -48"><span class='ocrx_word' id='word_1_164' title='bbox 186 3116 257 3192; x_wconf 89' lang='lat' dir='ltr'><strong>tur,</strong></span> <span class='ocrx_word' id='word_1_165' title='bbox 294 3115 437 3177; x_wconf 72' lang='lat' dir='ltr'><strong>omnibus</strong></span> <span class='ocrx_word' id='word_1_166' title='bbox 467 3113 630 3196; x_wconf 74' lang='lat' dir='ltr'><strong>Judicaute</strong></span> <span class='ocrx_word' id='word_1_167' title='bbox 658 3118 788 3197; x_wconf 75' lang='lat' dir='ltr'><strong>petuma</strong></span> <span class='ocrx_word' id='word_1_168' title='bbox 811 3119 843 3181; x_wconf 92' lang='lat' dir='ltr'><strong>iu</strong></span> <span class='ocrx_word' id='word_1_169' title='bbox 867 3142 1026 3188; x_wconf 82' lang='lat' dir='ltr'><strong>commune</strong></span> <span class='ocrx_word' id='word_1_170' title='bbox 1051 3128 1219 3223; x_wconf 82' lang='lat' dir='ltr'><strong>dederamt,</strong></span> <span class='ocrx_word' id='word_1_171' title='bbox 1250 3155 1282 3211; x_wconf 76' lang='lat' dir='ltr'><strong>et</strong></span> 
     </span>
     <span class='ocr_line' id='line_1_28' title="bbox 183 3220 1277 3344; baseline 0.026 -62"><span class='ocrx_word' id='word_1_172' title='bbox 183 3225 325 3284; x_wconf 75' lang='lat' dir='ltr'><strong>nanctum</strong></span> <span class='ocrx_word' id='word_1_173' title='bbox 341 3220 468 3282; x_wconf 87' lang='lat' dir='ltr'><strong>Petrum</strong></span> <span class='ocrx_word' id='word_1_174' title='bbox 486 3224 520 3281; x_wconf 86' lang='lat' dir='ltr'><strong>ct</strong></span> <span class='ocrx_word' id='word_1_175' title='bbox 534 3226 674 3283; x_wconf 72' lang='lat' dir='ltr'><strong>nanctum</strong></span> <span class='ocrx_word' id='word_1_176' title='bbox 692 3220 841 3306; x_wconf 84' lang='lat' dir='ltr'><strong>Paulum,</strong></span> <span class='ocrx_word' id='word_1_177' title='bbox 857 3228 926 3310; x_wconf 73' lang='lat' dir='ltr'><strong>ipsa</strong></span> <span class='ocrx_word' id='word_1_178' title='bbox 940 3250 1062 3344; x_wconf 85' lang='lat' dir='ltr'><strong>quoque</strong></span> <span class='ocrx_word' id='word_1_179' title='bbox 1081 3238 1190 3309; x_wconf 80' lang='lat' dir='ltr'><strong>altaria</strong></span> <span class='ocrx_word' id='word_1_180' title='bbox 1205 3271 1277 3334; x_wconf 75' lang='lat' dir='ltr'><strong>epo-</strong></span> 
     </span>
    </p>
   </div>
   <div class='ocr_carea' id='block_1_7' title="bbox 189 3399 399 3418">
    <p class='ocr_par' dir='ltr' id='par_1_7' title="bbox 189 3399 399 3418">
     <span class='ocr_line' id='line_1_29' title="bbox 189 3399 399 3418; baseline 0.014 -8"><span class='ocrx_word' id='word_1_181' title='bbox 189 3399 399 3418; x_wconf 64' lang='lat' dir='ltr'><strong>...au—-</strong></span> 
     </span>
    </p>
   </div>
   <div class='ocr_carea' id='block_1_8' title="bbox 194 3479 1139 4120">
    <p class='ocr_par' dir='ltr' id='par_1_8' title="bbox 194 3479 1131 4120">
     <span class='ocr_line' id='line_1_30' title="bbox 194 3479 685 3551; baseline 0.008 -16"><span class='ocrx_word' id='word_1_182' title='bbox 194 3479 221 3551; x_wconf 85' lang='lat'><strong>¹)</strong></span> <span class='ocrx_word' id='word_1_183' title='bbox 241 3482 294 3538; x_wconf 83' lang='lat' dir='ltr'><strong>ilie</strong></span> <span class='ocrx_word' id='word_1_184' title='bbox 312 3484 415 3538; x_wconf 80' lang='lat' dir='ltr'><strong>rudere</strong></span> <span class='ocrx_word' id='word_1_185' title='bbox 429 3483 529 3540; x_wconf 76' lang='lat' dir='ltr'><strong>Hilitc</strong></span> <span class='ocrx_word' id='word_1_186' title='bbox 543 3487 649 3540; x_wconf 81' lang='lat' dir='ltr'><strong>iuutcte</strong></span> <span class='ocrx_word' id='word_1_187' title='bbox 683 3543 685 3548; x_wconf 69' lang='grc'>,</span> 
     </span>
     <span class='ocr_line' id='line_1_31' title="bbox 313 3571 963 3659; baseline 0.019 -29"><span class='ocrx_word' id='word_1_188' title='bbox 313 3571 461 3634; x_wconf 68' lang='lat' dir='ltr'><strong>liuderico</strong></span> <span class='ocrx_word' id='word_1_189' title='bbox 476 3578 558 3650; x_wconf 79' lang='lat' dir='ltr'><strong>regis</strong></span> <span class='ocrx_word' id='word_1_190' title='bbox 567 3575 667 3650; x_wconf 82' lang='lat' dir='ltr'><strong>fulget</strong></span> <span class='ocrx_word' id='word_1_191' title='bbox 680 3579 815 3646; x_wconf 77' lang='lat' dir='ltr'><strong>mirabile</strong></span> <span class='ocrx_word' id='word_1_192' title='bbox 822 3584 963 3659; x_wconf 86' lang='lat' dir='ltr'><strong>sactum</strong></span> 
     </span>
     <span class='ocr_line' id='line_1_32' title="bbox 350 3664 981 3752; baseline 0.027 -33"><span class='ocrx_word' id='word_1_193' title='bbox 350 3664 441 3734; x_wconf 80' lang='lat' dir='ltr'><strong>Arte,</strong></span> <span class='ocrx_word' id='word_1_194' title='bbox 459 3683 565 3746; x_wconf 83' lang='lat' dir='ltr'><strong>opere,</strong></span> <span class='ocrx_word' id='word_1_195' title='bbox 583 3668 715 3742; x_wconf 79' lang='lat' dir='ltr'><strong>ingenio,</strong></span> <span class='ocrx_word' id='word_1_196' title='bbox 732 3670 845 3730; x_wconf 75' lang='lat' dir='ltr'><strong>divitiis</strong></span> <span class='ocrx_word' id='word_1_197' title='bbox 852 3680 981 3752; x_wconf 73' lang='lat' dir='ltr'><strong>‚pretim</strong></span> 
     </span>
     <span class='ocr_line' id='line_1_33' title="bbox 313 3755 1139 3852; baseline 0.035 -40"><span class='ocrx_word' id='word_1_198' title='bbox 313 3759 391 3814; x_wconf 74' lang='lat' dir='ltr'><strong>Hirro</strong></span> <span class='ocrx_word' id='word_1_199' title='bbox 411 3755 517 3814; x_wconf 82' lang='lat' dir='ltr'><strong>radios</strong></span> <span class='ocrx_word' id='word_1_200' title='bbox 531 3757 603 3813; x_wconf 79' lang='lat' dir='ltr'><strong>aoi&#39;</strong></span> <span class='ocrx_word' id='word_1_201' title='bbox 592 3778 653 3832; x_wconf 82' lang='lat' dir='ltr'><strong>epse</strong></span> <span class='ocrx_word' id='word_1_202' title='bbox 671 3765 765 3835; x_wconf 84' lang='lat' dir='ltr'><strong>capit,</strong></span> <span class='ocrx_word' id='word_1_203' title='bbox 784 3784 857 3841; x_wconf 84' lang='lat' dir='ltr'><strong>quos</strong></span> <span class='ocrx_word' id='word_1_204' title='bbox 869 3769 935 3826; x_wconf 77' lang='lat' dir='ltr'><strong>huic</strong></span> <span class='ocrx_word' id='word_1_205' title='bbox 949 3769 1025 3829; x_wconf 83' lang='lat' dir='ltr'><strong>dare</strong></span> <span class='ocrx_word' id='word_1_206' title='bbox 1036 3786 1139 3852; x_wconf 80' lang='lat' dir='ltr'><strong>possit,</strong></span> 
     </span>
     <span class='ocr_line' id='line_1_34' title="bbox 351 3845 985 3920; baseline 0.021 -14"><span class='ocrx_word' id='word_1_207' title='bbox 351 3849 458 3906; x_wconf 85' lang='lat' dir='ltr'><strong>Altera</strong></span> <span class='ocrx_word' id='word_1_208' title='bbox 475 3851 672 3908; x_wconf 77' lang='lat' dir='ltr'><strong>marmoribus</strong></span> <span class='ocrx_word' id='word_1_209' title='bbox 688 3845 820 3913; x_wconf 76' lang='lat' dir='ltr'><strong>creditur</strong></span> <span class='ocrx_word' id='word_1_210' title='bbox 834 3876 896 3916; x_wconf 79' lang='lat' dir='ltr'><strong>esse</strong></span> <span class='ocrx_word' id='word_1_211' title='bbox 913 3862 985 3920; x_wconf 82' lang='lat' dir='ltr'><strong>dies.</strong></span> 
     </span>
     <span class='ocr_line' id='line_1_35' title="bbox 312 3941 1127 4036; baseline 0.027 -40"><span class='ocrx_word' id='word_1_212' title='bbox 312 3943 368 3999; x_wconf 83' lang='lat' dir='ltr'><strong>Hic</strong></span> <span class='ocrx_word' id='word_1_213' title='bbox 382 3945 445 3998; x_wconf 78' lang='lat' dir='ltr'><strong>riae</strong></span> <span class='ocrx_word' id='word_1_214' title='bbox 458 3941 532 3996; x_wconf 81' lang='lat' dir='ltr'><strong>nube</strong></span> <span class='ocrx_word' id='word_1_215' title='bbox 546 3942 639 3998; x_wconf 82' lang='lat' dir='ltr'><strong>solum</strong></span> <span class='ocrx_word' id='word_1_216' title='bbox 654 3944 708 3999; x_wconf 81' lang='lat' dir='ltr'><strong>aix</strong></span> <span class='ocrx_word' id='word_1_217' title='bbox 714 3947 820 4019; x_wconf 78' lang='lat' dir='ltr'><strong>juncea</strong></span> <span class='ocrx_word' id='word_1_218' title='bbox 833 3959 861 4008; x_wconf 89' lang='lat' dir='ltr'><strong>et</strong></span> <span class='ocrx_word' id='word_1_219' title='bbox 874 3970 983 4029; x_wconf 78' lang='lat' dir='ltr'><strong>sparsa</strong></span> <span class='ocrx_word' id='word_1_220' title='bbox 993 3969 1127 4036; x_wconf 67' lang='lat' dir='ltr'><strong>putarer</strong></span> 
     </span>
     <span class='ocr_line' id='line_1_36' title="bbox 346 4033 1047 4120; baseline 0.025 -30"><span class='ocrx_word' id='word_1_221' title='bbox 346 4035 425 4090; x_wconf 82' lang='lat' dir='ltr'><strong>Dum</strong></span> <span class='ocrx_word' id='word_1_222' title='bbox 438 4037 567 4102; x_wconf 79' lang='lat' dir='ltr'><strong>steterie,</strong></span> <span class='ocrx_word' id='word_1_223' title='bbox 586 4053 613 4092; x_wconf 83' lang='lat' dir='ltr'><strong>cr</strong></span> <span class='ocrx_word' id='word_1_224' title='bbox 615 4033 696 4091; x_wconf 86' lang='lat' dir='ltr'><strong>edae</strong></span> <span class='ocrx_word' id='word_1_225' title='bbox 709 4055 839 4112; x_wconf 75' lang='lat' dir='ltr'><strong>mergere</strong></span> <span class='ocrx_word' id='word_1_226' title='bbox 848 4061 937 4118; x_wconf 81' lang='lat' dir='ltr'><strong>posse</strong></span> <span class='ocrx_word' id='word_1_227' title='bbox 946 4048 1047 4120; x_wconf 77' lang='lat' dir='ltr'><strong>pedes.</strong></span> 
     </span>
    </p>
   </div>
   <div class='ocr_carea' id='block_1_9' title="bbox 392 4127 1260 4303">
    <p class='ocr_par' dir='ltr' id='par_1_9' title="bbox 392 4127 1260 4303">
     <span class='ocr_line' id='line_1_37' title="bbox 392 4127 1260 4227; baseline 0.041 -48"><span class='ocrx_word' id='word_1_228' title='bbox 392 4128 627 4202; x_wconf 75' lang='lat' dir='ltr'><strong>(Epigrammata</strong></span> <span class='ocrx_word' id='word_1_229' title='bbox 643 4134 671 4184; x_wconf 88' lang='lat' dir='ltr'><strong>et</strong></span> <span class='ocrx_word' id='word_1_230' title='bbox 684 4127 826 4190; x_wconf 77' lang='lat' dir='ltr'><strong>Parmam</strong></span> <span class='ocrx_word' id='word_1_231' title='bbox 839 4143 947 4196; x_wconf 79' lang='lat' dir='ltr'><strong>vetera.</strong></span> <span class='ocrx_word' id='word_1_232' title='bbox 965 4141 1035 4198; x_wconf 81' lang='lat' dir='ltr'><strong>Par.</strong></span> <span class='ocrx_word' id='word_1_233' title='bbox 1054 4148 1124 4205; x_wconf 74' lang='lat' dir='ltr'><strong>ioci</strong></span> <span class='ocrx_word' id='word_1_234' title='bbox 1131 4171 1186 4224; x_wconf 70' lang='grc' dir='ltr'><strong>,μ</strong></span> <span class='ocrx_word' id='word_1_235' title='bbox 1203 4160 1260 4227; x_wconf 79' lang='grc'><strong>65.)</strong></span> 
     </span>
     <span class='ocr_line' id='line_1_38' title="bbox 975 4236 1017 4303; baseline 0.19 -7"><span class='ocrx_word' id='word_1_236' title='bbox 975 4236 1017 4303; x_wconf 85' lang='grc'><strong>15</strong></span> 
     </span>
    </p>
   </div>
   <div class='ocr_carea' id='block_1_10' title="bbox 0 0 1474 4710">
    <p class='ocr_par' dir='ltr' id='par_1_10' title="bbox 0 0 1474 4710">
     <span class='ocr_line' id='line_1_39' title="bbox 0 0 1474 4710; baseline 0 0"><span class='ocrx_word' id='word_1_237' title='bbox 0 0 1474 4710; x_wconf 95' lang='lat' dir='ltr'><strong> </strong></span> 
     </span>
    </p>
   </div>
  </div>
 </body>
</html>
