2938 4716
269 311 310 374 72

269 496 327 556 ianr
351 491 462 555 mentio
485 499 532 554 est
553 491 643 565 lucta,
666 507 757 570 super
781 489 849 564 illis,
876 505 955 570 quae
974 491 1044 552 ilem
1064 507 1138 552 vere
1158 499 1228 552 sunt
1247 491 1319 555 liri-

269 593 411 677 geniana,
433 591 546 671 aliquot
566 590 757 667 carminibus,
779 595 907 652 tractatu
931 589 970 653 de
991 590 1109 652 visione
1123 621 1125 625 v
1138 589 1199 668 dei,
1232 591 1317 655 libris

269 695 295 757 V
320 693 357 756 de
381 693 531 756 divisione
555 699 680 754 naturae
703 691 771 754 data
793 709 886 771 opera
908 690 1058 772 disputare
1080 690 1269 754 decrevimus
1281 699 1317 770 ¹).

270 795 343 858 Nam
369 809 446 874 quae
471 809 488 855 a
512 793 661 855 nonnullis
682 798 840 872 praeterea
865 795 959 854 Scuto
982 791 1131 872 adscripta
1156 797 1234 870 sunl,
1257 809 1319 856 non

270 893 388 960 reddita
409 900 507 956 tamen
528 895 645 955 ratione
665 891 823 972 probabili,
845 909 892 969 ea,
914 909 1002 972 quum
1023 891 1164 954 librorum
1182 909 1239 972 ope
1259 893 1320 954 de-

271 997 379 1059 stitutis
402 993 490 1056 nobis
512 994 641 1073 ipsorum
665 1009 786 1054 causam
807 992 973 1055 diiudicare
992 1009 1052 1054 non
1077 992 1207 1069 licuerit,
1231 994 1320 1055 dein.

272 1111 344 1177 ceps
366 1092 541 1173 simpliciter
562 1100 674 1154 tantum
697 1092 900 1156 enumeranda
924 1093 1110 1155 arbitramur.

246 1233 252 1248 ·
354 1195 492 1256 Carmina
516 1194 607 1275 igitur
627 1194 719 1269 Secti,
743 1209 821 1274 quae
842 1193 931 1255 nobis
953 1195 1129 1270 innotuere,
1162 1199 1231 1255 sunt
1261 1211 1321 1255 nu-

271 1311 356 1357 mero
376 1294 459 1358 Xlll:
493 1293 523 1355 in
551 1295 707 1374 prooemio
740 1293 807 1356 libri
838 1292 876 1355 de
905 1293 1118 1374 praedestinat.
1143 1292 1270 1357 babetur
1291 1293 1320 1374 l;

273 1395 430 1476 prooemio
455 1395 709 1475 interpretationis
738 1394 1028 1475 Pseudo-Dionysii
1053 1395 1170 1456 adiecta
1193 1394 1319 1470 suntll;

274 1495 405 1578 (langius
418 1495 447 1556 in
461 1494 647 1574 praefatione
660 1494 697 1556 ad
711 1493 821 1556 labbei
835 1495 1013 1576 glossarium
1033 1495 1127 1556 edidit
1139 1493 1150 1555 l
1159 1514 1170 1567 ,·
1192 1495 1323 1558 Scblue-

273 1600 355 1656 terns
376 1611 416 1655 ex
436 1593 594 1656 codicibus
615 1594 724 1675 Angeli
749 1595 826 1670 unii,
850 1602 881 1656 ut
903 1596 985 1668 dicit,
1007 1613 1086 1656 nova
1108 1593 1321 1674 protulitX²)·

273 1695 485 1758 Brevissimunr
507 1693 554 1769 lv,
575 1693 779 1776 longissimum
802 1693 839 1756 ad
852 1693 959 1756 LXXX
980 1712 1086 1756 versus
1107 1694 1206 1756 babet.
1229 1697 1321 1757 llissa

271 1794 337 1856 lere
360 1801 429 1856 sunt
449 1793 557 1856 Carula
582 1793 678 1856 calvo.
722 1792 858 1857 Omnium
881 1794 976 1856 l'erme
997 1802 1171 1877 argumenta
1193 1811 1232 1856 ex
1253 1795 1322 1874 plri-

273 1893 467 1977 losopbnrum
488 1895 758 1978 theologorumque
784 1895 895 1957 chartis
911 1895 1084 1977 depromptu
1100 1904 1182 1958 sunt:
1205 1897 1322 1957 canitur

275 1997 428 2076 „cbristus
459 1997 647 2073 crucifixus“‚
680 2003 810 2075 „crux“‚
855 1993 1025 2076 „puscba“
1063 2003 1151 2077 atque
1201 1996 1319 2058 similia.

275 2098 404 2161 Errores
446 2099 601 2160 continent
640 2097 747 2160 multos
789 2097 974 2177 eosdemque
1006 2098 1219 2178 propemodum
1254 2115 1321 2160 curn

275 2195 359 2259 libris
382 2196 420 2258 de
443 2197 592 2260 divisione
612 2204 738 2258 naturae
758 2203 788 2257 et
809 2197 846 2258 de
878 2197 1026 2277 praedest.
1071 2201 1231 2260 Auctorem
1263 2199 1324 2260 sibi

275 2295 370 2358 luisse
393 2296 555 2358 ostendunt
577 2297 667 2357 multo
689 2297 785 2377 magis
806 2298 961 2368 eruditum,
982 2316 1068 2377 quam
1088 2301 1207 2378 po'c'tiea
1222 2298 1322 2360 iacul-

275 2403 336 2460 late
357 2398 514 2478 insignem.
556 2396 674 2474 liabent
705 2399 826 2458 omnino
858 2399 1001 2478 permulta
1032 2401 1076 2462 sic
1104 2399 1202 2479 putida
1233 2405 1324 2479 atque

277 2503 401 2578 arguta,
433 2502 466 2557 ut
487 2495 668 2577 deligentem
692 2496 834 2559 lectorem
856 2515 916 2560 non
941 2497 1095 2561 ellendere
1118 2515 1178 2560 non
1201 2505 1322 2579 queant

171 2621 176 2634 ·
276 2599 426 2674 Attamen,
449 2613 527 2678 quae
549 2595 665 2659 illorum
689 2603 852 2678 temporum
874 2605 920 2660 ast
941 2601 1028 2677 ratio,
1047 2618 1160 2662 summa
1182 2599 1322 2681 prolecto

277 2696 367 2760 laude
389 2696 481 2778 dignu
504 2702 580 2760 sunt.
613 2696 794 2760 Walalridus
817 2699 935 2781 quidem
951 2701 1058 2762 Strabo
1083 2718 1141 2763 nec
1164 2699 1323 2780 facilitatis,

278 2817 337 2862 nec
358 2798 526 2881 elegantiae
547 2798 673 2880 palmam
693 2799 802 2865 Nostro
831 2801 1004 2882 praeripere
1032 2803 1135 2882 potuit.
1179 2801 1322 2864 libellum
1351 2788 1353 2794 ’

189 2917 193 2920 ·
278 2899 477 2976 „derisione
499 2898 773 2962 dei‘llabillonius
808 2901 1004 2982 deprehendit
1035 2903 1066 2964 in
1095 2922 1135 2965 m.
1160 2921 1184 2964 s.
1214 2903 1323 2964 codice

278 2998 545 3062 claromariscensi
574 3017 668 3081 prope
700 3001 974 3082 Xudomeropolim.
1029 3003 1099 3065 Post
1130 3020 1214 3077 eurn,
1244 3001 1324 3084 quod

279 3099 398 3180 quidem
422 3100 561 3176 sciamus,
581 3103 629 3181 qui
651 3099 756 3164 librum
780 3101 898 3180 viderit,
921 3101 976 3164 luit
995 3121 1104 3182 nemo,
1148 3119 1324 3184 quamquam

278 3199 379 3281 plures
402 3215 469 3260 eum
489 3197 713 3279 diligentissime
736 3201 997 3280 quaesiverunt).

362 3297 464 3360 Refert
486 3297 682 3377 llabillonius,
704 3300 816 3363 initium
839 3302 903 3363 eius
924 3301 983 3363 boe
1003 3299 1115 3363 luisse:
1149 3299 1325 3378 „Tractatus

284 3465 568 3482 m-——Qa-—fl

337 3545 365 3616 l)
386 3545 465 3609 Sunt,
485 3547 532 3616 qui
553 3548 632 3598 etiam
655 3545 689 3598 de
708 3547 836 3628 epistolia
850 3547 1002 3619 loquantur.
1020 3548 1118 3602 Verum
1137 3557 1243 3620 praeter
1257 3550 1326 3614 illas,

382 3649 452 3704 quae
474 3636 648 3704 Areopagitae
666 3643 695 3686 ct
713 3635 822 3686 Maximi
843 3637 1095 3704 interpretationum
1108 3640 1244 3709 prooemia
1255 3647 1325 3702 sunt

379 3737 487 3790 prorsus
506 3722 597 3773 nullae
618 3731 733 3784 exstant,
751 3722 844 3774 nullae
864 3735 1054 3778 memorantur.
1072 3755 1107 3768 -

334 3823 364 3892 2)
382 3825 416 3875 cl.
434 3825 497 3878 Eius
516 3824 580 3877 edit.
602 3826 663 3878 libr.
685 3825 720 3876 de
740 3825 792 3878 div.
811 3835 866 3880 ruat.
885 3846 911 3897 p.
929 3827 950 3892 l,
971 3847 996 3899 p.
1017 3827 1068 3881 593
1086 3845 1142 3901 aeq.

335 3929 366 3993 3)
385 3929 419 3980 el'.
437 3937 496 3981 aeta
515 3928 613 3980 bened.
631 3947 699 3983 saec.
719 3927 763 3982 tv.
784 3947 809 3999 p.
830 3933 870 3994 lt,
896 3949 923 4002 p.
943 3931 1031 3988 LXVI.
1052 3933 1148 3986 Thom.
1169 3933 1245 3987 Gale.
1264 3933 1283 3984 l.
1300 3949 1322 3984 c.

384 4023 445 4069 teat.
464 4034 490 4086 p.
510 4017 550 4068 ¹2.
569 4017 654 4070 lliort.
676 4019 695 4069 l.
716 4035 738 4070 c.
758 4036 784 4088 p·
804 4018 847 4076 46.

376 4281 385 4316 Ι
