2938 4716
276 341 317 410 tt

274 523 339 588 lloo
361 521 557 604 fragmentum
579 518 653 580 nihil
675 518 753 580 eliud
777 520 857 600 ogit,
886 519 943 581 nisi
962 525 994 580 ut
1015 535 1039 580 s.
1062 519 1251 600 Hieronymi,
1286 541 1323 586 s.·

274 620 443 702 Augustini,
462 637 487 680 s.
500 619 637 700 Gregorii
658 636 751 698 nepes
769 619 846 680 locis
868 637 955 698 quem
978 619 1109 699 plurimis
1129 638 1231 683 verum
1245 621 1314 685 lesu

276 721 384 784 Christi
414 721 443 781 in
466 737 492 782 s.
512 717 699 780 Eucharistie
730 720 928 798 praesentium
963 718 1102 780 ostendet
1123 728 1211 800 atquc
1233 738 1313 785 oon-

275 822 379 905 lirmct.
422 819 519 881 hlinus
542 818 660 898 quidem
687 826 818 897 oportum
847 826 894 879 est
925 818 1076 880 llincmori
1104 821 1314 898 testimonium,

275 939 333 982 uec
354 926 451 982 tumen
477 917 616 997 inquot
639 935 762 998 prorsus
784 920 823 979 sit
844 918 1065 1000 negligendum.
1092 921 1213 982 Acerhc
1235 923 1313 982 enim

274 1020 306 1082 in
325 1019 401 1082 libro
421 1035 477 1080 suo
501 1018 538 1078 de
559 1018 832 1098 praedestinatione
842 1021 885 1095 ⁷³)
908 1025 1015 1080 notons
1044 1036 1165 1081 errores
1195 1015 1316 1100 aliquot,

276 1123 306 1184 in
335 1136 411 1200 quos
440 1119 620 1202 incidissent
651 1136 676 1180 s.
705 1119 881 1180 Prudentius
910 1124 942 1180 et
974 1119 1103 1182 loonues
1134 1119 1315 1200 scotigena:

276 1220 366 1297 „Sunt
386 1225 416 1280 et
447 1218 541 1296 uliu“‚
564 1218 673 1297 inquit,
694 1237 788 1302 „quoe
814 1265 821 1280 .
848 1265 855 1280 .
879 1263 887 1278 .
911 1226 1015 1280 contre
1037 1219 1119 1280 Fidei
1142 1217 1316 1281 Catholicae

278 1319 429 1379 veritatem
447 1317 566 1378 dicunt:
587 1317 726 1379 videlicet
739 1365 748 1379 .
763 1362 793 1378 ..
811 1317 890 1398 quod
906 1325 1123 1379 sacramentum
1138 1317 1238 1380 ultoris
1256 1335 1317 1380 non

278 1435 380 1480 verum
401 1435 509 1496 corpus
531 1423 561 1478 ct
582 1435 672 1479 verus
695 1419 818 1498 sanguis
838 1419 876 1478 sit
899 1419 1028 1494 Domini,
1052 1417 1106 1479 sed
1128 1424 1238 1478 tuntum
1251 1437 1319 1480 mc-

277 1519 370 1580 morie
395 1518 458 1579 veri
482 1517 618 1597 corporis
642 1525 673 1580 ct
692 1519 847 1599 sanguinis
869 1519 960 1579 eiust<
1003 1519 1086 1590 Ques
1110 1535 1171 1595 rcs,
1200 1535 1266 1579 cum
1289 1519 1318 1579 in

278 1635 302 1680 s.
334 1617 520 1680 Prudentium
549 1617 629 1678 nullo
660 1626 748 1698 pacto
779 1618 890 1679 cadere
928 1623 1080 1697 queattt),
1111 1620 1140 1679 in
1176 1617 1319 1680 loannem

277 1720 397 1782 Scotum
421 1717 520 1794 cudat,
542 1735 669 1780 neccsse
691 1725 747 1780 est.
791 1718 904 1792 Quodsi
939 1720 969 1779 in
998 1719 1117 1792 Scotum
1152 1719 1248 1799 cudit,
1280 1735 1321 1780 ex

278 1817 355 1880 lihro
380 1816 479 1898 aliquo
506 1819 598 1898 ipsius
620 1819 692 1879 viris
718 1817 816 1880 doctis
845 1819 934 1898 petitu
963 1817 1097 1899 videtur,
1123 1819 1202 1880 idco
1238 1817 1319 1899 quod

279 1916 411 1998 reliquos
433 1918 496 1980 lero
517 1934 648 1994 errores,
670 1918 719 1997 qui
740 1917 777 1979 eb
799 1917 958 1980 llincmoro
981 1917 1092 1980 ibidem
1112 1920 1322 2000 perstringun-

365 2118 446 2180 llucc
467 2136 551 2195 uero,
573 2119 599 2181 si
619 2113 689 2199 quid
711 2119 841 2199 scrupuli
861 2121 892 2181 in
908 2120 1007 2180 onimo
1023 2126 1126 2182 nostro
1142 2116 1322 2197 relinquunt,

242 2281 246 2286 .
281 2226 373 2282 totum
395 2217 425 2280 id
446 2236 463 2281 u
487 2219 670 2300 Bercngurio
692 2219 858 2281 Turonensi
879 2224 909 2280 et
930 2218 1071 2300 quidquid
1086 2219 1150 2280 tere
1166 2217 1322 2281 doctorum

280 2319 430 2381 hominum
453 2336 518 2380 cum
543 2335 581 2380 eo
610 2318 700 2396 uixit,
736 2317 806 2379 inde
841 2319 996 2380 eximetur.
1037 2318 1130 2395 Num,
1159 2323 1191 2380 ut
1218 2317 1323 2397 paucis

282 2418 365 2498 tanc·
384 2435 448 2478 rem
476 2417 782 2498 comprehendemus,
816 2426 936 2498 praeter
967 2418 1061 2498 ipsum
1097 2418 1324 2498 Berengerium‚

282 2518 332 2597 qui
354 2517 515 2578 innumeris
541 2515 604 2577 iere
624 2517 700 2578 locis
721 2517 827 2578 libmm
849 2517 969 2580 loannis
992 2516 1072 2579 Sooti
1095 2518 1132 2578 de
1152 2535 1176 2578 s.
1200 2517 1324 2578 ltuehu-

283 2616 368 2678 ristiu
389 2615 499 2691 laudet,
534 2617 584 2696 qui
607 2634 674 2677 eum
696 2615 795 2678 Coroli
818 2617 901 2698 regis
921 2617 1002 2679 iussu
1025 2617 1169 2679 adversus
1190 2616 1324 2709 Pascha-5

284 2717 360 2778 sium
387 2717 528 2795 scriptum
559 2731 628 2776 esse
660 2718 720 2793 eit,
757 2718 880 2797 eiusque
909 2716 1017 2797 placitu
1038 2718 1094 2778 sihi
1116 2717 1181 2780 solo
1203 2715 1325 2798 prohuri

286 2814 505 2893 contendit⁷⁵)‚
526 2834 587 2878 non
609 2817 702 2878 solum
724 2816 832 2898 singuli
855 2817 991 2879 homines
1013 2818 1104 2895 docti,
1124 2818 1174 2898 qui
1194 2818 1243 2880 uel
1262 2818 1326 2897 pri-

285 2917 375 2980 uatim
406 2915 454 2978 vel
485 2915 603 2997 publice
635 2917 666 2979 in
696 2916 903 2999 theologorum
934 2915 1131 2980 conventibus
1162 2935 1228 2980 cum
1260 2919 1326 3000 ipso

291 3069 635 3088 mun—uu*—

387 3189 413 3239 p.
432 3169 468 3221 30
493 3187 549 3242 req.
577 3198 611 3212 -
636 3163 679 3222 et'
695 3171 760 3224 edit.
786 3171 811 3222 ll
835 3169 915 3222 Puris.
936 3185 960 3218 a.
981 3167 1163 3220 nuccxxttt
1182 3185 1258 3239 seqq.
1280 3168 1327 3219 sol.

388 3254 491 3319 tom-1,
519 3275 545 3325 p.
573 3257 622 3310 150
649 3275 705 3328 seq.
741 3257 868 3308 Scribunt
886 3264 1024 3324 praetcrea
1042 3255 1076 3306 dc
1096 3255 1239 3306 hdrcruldi
1258 3255 1329 3307 libro

392 3360 452 3394 cunr
473 3345 520 3395 ulii
539 3354 595 3396 tum
615 3345 678 3397 hist.
699 3344 782 3396 litter.
800 3344 834 3395 ds
853 3344 879 3393 lu
897 3344 997 3394 Franco
1017 3351 1081 3393 tom.
1099 3342 1124 3392 V
1141 3359 1169 3411 p.
1186 3341 1244 3394 519.
1262 3371 1294 3384 —-

326 3431 373 3498 73)
397 3431 460 3501 Cup.
478 3431 522 3484 31.

328 3517 374 3585 71)
394 3519 428 3570 cl'.
448 3519 521 3570 Mub.
542 3527 593 3570 act.
610 3517 710 3568 Bened.
731 3533 800 3568 suec.
815 3515 860 3577 IV,
879 3531 940 3584 pom
956 3512 980 3564 ll
998 3514 1079 3583 procl.
1099 3531 1126 3566 u.
1148 3513 1205 3564 ¹32.
1224 3543 1257 3554 -

331 3606 378 3674 75)
397 3606 431 3657 cl.
459 3607 570 3673 Bereng.
600 3608 677 3674 epist.
704 3604 738 3654 od
758 3601 881 3655 Richard.
903 3602 975 3672 opud
994 3603 1090 3654 Monoi.
1108 3601 1126 3651 l.
1147 3617 1169 3652 c.
1186 3609 1251 3653 tom.
1272 3602 1331 3656 xlx

392 3693 515 3745 columne
534 3691 625 3744 735A
650 3709 706 3762 seq.
742 3721 773 3732 -
807 3687 896 3741 Eiund.
928 3691 1007 3758 epist.
1034 3689 1068 3739 aul
1093 3687 1232 3740 Lculrnuc.
1259 3689 1333 3758 opud

391 3779 487 3831 Manus.
506 3777 525 3829 l.
545 3795 566 3833 c.
585 3779 709 3830 columna
727 3776 778 3830 768
797 3777 891 3828 h-B.
908 3805 942 3816 -
965 3773 1056 3826 Eiusd.
1075 3775 1153 3845 epist.
1166 3773 1202 3826 ud
1216 3775 1332 3826 oscetin.

393 3865 465 3935 apud
483 3865 579 3918 Manui.
600 3866 618 3918 l.
637 3884 660 3916 c.
678 3865 800 3917 columne
820 3864 871 3917 755
881 3864 901 3915 C
912 3893 945 3904 -
956 3859 1008 3914 776
1018 3861 1050 3915 D.
1079 3861 1177 3913 Eodem
1197 3861 1277 3931 plane
1293 3879 1333 3914 res

394 3953 548 4024 saepissime
569 3953 651 4005 etiem
673 3954 701 4004 iu
721 3953 771 4004 illo
791 3953 941 4020 Bercngurii
959 3949 1032 4001 libro
1059 3947 1176 4016 legitur,
1202 3965 1283 4020 quum
1301 3947 1335 4001 G.

396 4041 426 4092 Ε.
445 4041 565 4108 Lessing.
583 4057 618 4093 ex
635 4039 762 4092 biblioth.
783 4039 923 4094 Guelferb·
940 4037 1040 4110 primur
1057 4038 1137 4090 eruit.
1156 4065 1190 4078 -
