2938 4716
1163 354 1203 417 tn

152 535 212 608 tur,
239 535 286 592 cst
306 528 436 610 dialogi:
465 529 637 609 magistrum
659 533 737 594 enim
761 551 827 596 eum
851 532 998 615 discipulo
1022 536 1213 618 colloquen-v

154 639 215 694 tem
236 631 337 705 linxit,
369 629 533 710 horumque
551 634 738 696 sermonibus
768 634 890 696 alteruis
912 641 1001 698 totam
1024 637 1203 719 disputatio-

156 751 228 796 nem
248 733 304 792 rite
327 729 455 792 deducit.
500 732 537 794 Ut
558 735 719 814 inopiam,
750 736 791 796 ita
820 734 983 817 discipulus
1010 756 1089 802 noue
1108 741 1204 804 inter-

152 838 255 912 rogat,
277 849 357 892 nono
378 833 597 913 interrogatam
621 839 708 914 atquc
729 834 789 909 ille,
820 835 888 898 dom
912 836 1046 900 altiorem
1069 856 1104 900 ac
1129 857 1203 920 spe-

154 932 334 1009 culminum,
376 949 463 1011 quam
494 935 680 1011 vocitamus,
723 933 930 1016 philosophiae
972 938 1203 1021 theologiaeque

155 1033 362 1118 coguitionem
384 1035 554 1112 exceperis,
576 1035 627 1102 vix
650 1051 709 1098 una
731 1035 835 1098 schola
859 1036 917 1098 diei
942 1045 1031 1120 queat
1054 1039 1182 1102 doctior.

239 1134 285 1196 De
305 1134 396 1194 totius
418 1134 518 1213 operis
539 1141 715 1214 argumento
737 1141 825 1216 atque
857 1137 976 1215 indole,
1008 1142 1147 1220 quoniam
1170 1143 1202 1204 in

154 1234 250 1296 altera
278 1240 401 1296 nostrae
433 1235 605 1315 scriptionis
639 1242 723 1315 parte
753 1239 873 1318 proprie
910 1239 1118 1320 disputandum
1146 1251 1203 1321 est,

155 1333 306 1398 hocloco
327 1336 401 1398 satis
423 1333 591 1398 hahendam
614 1336 800 1414 arbitramur,
823 1339 849 1400 si
870 1338 918 1401 illu
932 1339 1074 1404 Brackeri
1097 1345 1202 1419 verba,

156 1453 235 1516 quae
254 1437 314 1498 iam
335 1451 424 1516 supra
445 1453 462 1496 a
483 1437 571 1498 nohis
590 1435 676 1500 allata
690 1444 769 1516 sunt,
792 1440 896 1500 iterum
910 1448 1011 1503 nostra
1029 1443 1200 1508 fecerimus.

155 1538 208 1602 hit
229 1537 319 1618 igilur
340 1533 508 1598 Bruokerus
521 1539 572 1612 ¹³),
592 1553 710 1598 omnem
730 1539 812 1600 Scoti
833 1539 1047 1622 philosophiam
1068 1543 1126 1606 hue
1146 1562 1203 1608 re·

156 1637 243 1700 dire:
277 1635 421 1716 ,Omniu‚
456 1644 755 1715 quaecunquesunt,
790 1655 850 1700 non
869 1640 1040 1705 radicaliter
1059 1644 1149 1708 morlo
1170 1651 1203 1708 et

155 1735 330 1812 virtualiter,
352 1735 406 1798 sed
425 1742 455 1796 et
475 1734 676 1799 essentialiter
698 1737 727 1798 in
749 1738 807 1800 den
828 1740 987 1818 contineri,
1012 1749 1102 1822 atque
1124 1743 1202 1808 adeo

157 1839 257 1900 omnia
282 1855 321 1900 ex
343 1835 403 1898 deo
423 1836 461 1898 ah
484 1842 608 1898 aeterno
630 1854 792 1918 progressu
813 1855 884 1901 esse
907 1846 937 1902 et
958 1841 1091 1920 fluxisse,
1113 1843 1203 1925 inqua

156 1941 259 2000 uarias
294 1936 409 1999 classes
441 1935 615 2000 inferiorum
637 1943 667 1999 et
693 1937 897 2018 superiorum,
931 1940 1110 2004 deteriorum
1133 1961 1203 2004 me·-¹

156 2038 324 2117 liorumque
353 2037 463 2098 entium
497 2035 634 2098 distincta
665 2036 785 2098 tandem
810 2037 840 2098 in
861 2037 972 2101 iontem
996 2041 1203 2123 originemque

156 2156 243 2204 suam
266 2139 311 2212 ti..
324 2153 352 2198 e.
375 2135 478 2208 deum)
497 2135 630 2197 reditura
650 2141 748 2198 esse.“
767 2169 810 2188 -

242 2237 326 2312 Quae
347 2235 550 2316 philosophia,
582 2253 669 2316 quant
691 2242 831 2298 ancorale
852 2233 1024 2298 lutulentum
1045 2237 1123 2300 istud
1147 2239 1203 2313 (sii

157 2339 248 2402 venia
268 2337 379 2414 verho)
402 2335 495 2398 citans
517 2335 751 2400 Alexandrinum
779 2337 1039 2416 recentiorumque
1070 2337 1203 2399 Platoni-

158 2455 284 2515 corum,
318 2453 393 2516 quos
414 2442 542 2512 vocant,
575 2435 706 2514 reserat,
742 2453 831 2498 nemo
852 2453 914 2498 non
936 2437 1034 2514 videt,
1064 2443 1151 2518 atque
1172 2438 1203 2500 in

158 2538 257 2617 eapite
278 2535 313 2597 ll.
334 2535 494 2596 uberiusa
526 2533 614 2597 nohis
643 2534 875 2599 demonstratum
910 2541 968 2598 est.
1013 2535 1113 2617 ltaque
1144 2538 1203 2600 iam

156 2653 269 2718 perse
290 2635 404 2714 liquere
426 2633 621 2712 arbitramur,
652 2638 701 2714 qui
725 2634 832 2698 laetum
856 2636 914 2713 sit,
944 2640 976 2696 ut
994 2635 1045 2696 alii
1065 2635 1204 2716 philoso-

156 2737 259 2818 phiam
280 2737 368 2796 istam
390 2733 599 2815 Erigenianem
620 2751 707 2815 quom
729 2735 856 2798 maxime
878 2736 938 2796 sint
959 2735 1131 2812 abominati,
1153 2736 1203 2799 alii
1324 2812 1327 2822 Ι

157 2841 265 2899 contra
288 2834 447 2913 amplexati
477 2833 586 2896 luerint
618 2833 819 2914 cupidissime.
862 2834 972 2896 Horum
1005 2842 1122 2910 autem,
1154 2837 1205 2914 qui

157 2935 326 3012 laudarent,
347 2951 507 3012 numerus,
539 2951 627 3014 quum
655 2941 768 3014 patrum
790 2939 958 2996 nostrorum
980 2935 1124 2996 memoria
1146 2931 1224 2996 od-¹

160 3037 281 3098 modum
304 3037 431 3116 exiguus
453 3034 575 3110 luisset,
603 3040 706 3096 nostra
731 3041 828 3095 aetate
853 3043 926 3110 (neo
947 3039 1067 3112 praeter
1089 3050 1204 3113 corum,
1325 3045 1331 3050 ·

159 3137 211 3218 qui
232 3135 359 3216 sapiunt,
382 3136 552 3216 opinionem
561 3135 585 3212 l)
607 3136 735 3196 immane
758 3141 896 3215 quantum
917 3140 963 3196 cst
982 3141 1095 3194 auctus.
1121 3134 1207 3206 (tuo-

158 3254 228 3299 rum
249 3241 373 3315 pertem,
392 3236 442 3314 qui
464 3236 718 3315 operaepretium
742 3233 860 3296 duxerit
881 3234 1082 3314 cognovisse,
1116 3233 1206 3296 adeat

159 3336 328 3400 Schlueteri
348 3333 582 3415 praelationem:
605 3351 632 3414 p.
655 3333 793 3414 vttseq.
816 3371 857 3385 -
878 3333 931 3395 Est
962 3340 1077 3410 tamen,
1114 3339 1146 3394 ut
1174 3335 1204 3396 in

159 3443 269 3500 senatu
291 3435 340 3496 illo
363 3473 400 3486 -
424 3441 577 3515 ,tanquam
598 3433 703 3496 altiore
724 3433 827 3513 spiritu
849 3433 973 3496 alllalo“
992 3468 1032 3480 -
1051 3433 1206 3497 videamus

158 3553 224 3600 non
246 3535 394 3596 neminem
416 3541 459 3615 (p.
482 3533 691 3612 litt-xm),
713 3551 799 3615 quem
822 3533 1011 3615 supercilium
1036 3535 1206 3596 censorium

158 3651 305 3719 perquam
327 3633 416 3696 facile
439 3636 527 3698 istinc
549 3637 685 3698 moverit.
708 3672 748 3685 -
768 3635 829 3697 lam
852 3653 926 3697 vero
952 3633 1029 3713 illos,
1053 3635 1102 3716 qui
1126 3633 1206 3696 uitu-

154 3789 472 3800 ——..-.-·—--.-—

201 3869 247 3938 13)
266 3869 300 3921 ei.
328 3869 395 3922 crit.
421 3865 519 3938 philon.
546 3865 652 3918 histum·
668 3875 731 3920 tom.
752 3867 789 3918 lll
807 3865 886 3932 (ultr.
908 3867 978 3936 Lipu.
999 3863 1077 3936 ttht)
1099 3881 1124 3933 p.
1142 3863 1204 3918 621.

264 3957 353 4028 Atque
372 3955 406 4006 tle
425 3955 467 4007 hit
487 3955 551 4022 ipsis
575 3953 697 4006 Bruelteri
718 3953 903 4008 locutionibus
923 3954 1055 4018 consulas,
1082 3953 1204 4018 velitatur,

268 4059 338 4114 quau
357 4042 428 4097 dieta
449 4050 512 4095 aaut
529 4059 588 4112 sup.
609 4058 667 4112 cap.
686 4041 719 4094 ll.
737 4050 795 4095 uot.
819 4040 859 4094 18.
