2934 4710
312 331 354 398 94

310 507 467 591 prolluant,
487 523 594 586 necne,
616 507 685 568 huio
706 505 839 568 breviter
860 505 1113 586 respondendum,
1127 505 1221 571 Deum
1246 512 1353 574 insa-

309 607 421 690 pientia
453 625 506 670 sua
521 611 562 684 ¹⁹)
595 623 718 668 -.eas
752 605 875 684 iecisse,
907 623 966 686 quo
988 607 1050 682 snat,
1071 613 1178 670 utnon
1200 609 1295 674 solum
1316 627 1353 674 se

308 711 375 792 ipsa
396 713 593 790 cognoscant,
620 707 683 787 ,scd
715 707 804 768 etiarn
825 723 935 785 rerum,
966 725 1089 787 quarum
1109 711 1253 791 principia
1273 720 1353 788 sunt,

308 811 446 873 notitiam
481 807 621 870 habeant.
678 806 745 869 Nan
776 807 855 867 enim
885 807 1068 870 credendum
1105 817 1170 888 cst,
1199 812 1228 874 in
1251 813 1353 874 divina

310 911 456 990 sapientia
488 907 599 988 aliquid
629 907 775 987 insipiens
806 913 892 968 etse
914 908 1009 988 ipsum
1033 904 1353 991 ignorans-conditum

309 1009 431 1075 luisse.“
452 1007 506 1088 (ll,
532 1008 582 1088 18,
605 1007 664 1085 203
686 1006 719 1090 V,
741 1007 806 1082 24.)
883 1077 888 1088 ,

766 1195 796 1263 §-
824 1187 874 1251 97·

393 1321 540 1402 ,Fuerunt
572 1327 669 1382 autem
701 1337 812 1382 causae
845 1321 913 1383 illac
945 1321 1152 1402 primordiales
1185 1339 1280 1404 usquc
1312 1325 1352 1386 ab

310 1423 390 1483 omni
412 1424 596 1484 aeternitate.
650 1421 724 1484 Sunt
746 1422 865 1502 quidem
887 1421 1005 1503 sactae,
1029 1441 1132 1485 verum
1155 1425 1217 1503 ita,
1238 1431 1271 1487 ut
1292 1441 1353 1488 ne*

310 1541 368 1602 que
389 1524 551 1584 aeternitas
575 1537 676 1583 carum
697 1521 853 1600 l'acturam,
873 1539 971 1601 neque
996 1522 1110 1584 lactura
1124 1539 1226 1585 earum
1248 1533 1353 1587 aeter-

308 1625 430 1684 nitatem
463 1623 634 1704 praecedat.
654 1659 695 1670 -
717 1621 866 1684 Nascenta
893 1622 973 1683 enim
1006 1623 1080 1684 Filio
1110 1639 1150 1684 ex
1184 1624 1271 1685 Patre
1301 1625 1353 1700 (id

309 1721 390 1804 quod
422 1739 516 1804 usquc
545 1723 582 1784 ab
616 1723 697 1784 omni
729 1724 906 1784 aeternitate
934 1721 1044 1783 lactum
1067 1728 1129 1799 est]
1161 1723 1261 1784 iactae
1283 1729 1354 1785 sunt

308 1825 600 1906 praedestinationes
632 1821 843 1885 substantiales
877 1821 924 1897 (ΙΙ.
946 1839 973 1884 c.
994 1840 1106 1884 causae
1126 1823 1355 1902 primordiales)
1376 1841 1378 1845 ⁴

309 1927 341 1988 in
363 1927 457 1988 verbu
476 1925 540 1987 Dei.
591 1923 704 1986 Causas
727 1924 875 2005 siquidem
899 1923 1108 2004 primordiales
1129 1924 1206 1988 Patri
1226 1932 1256 1986 et
1277 1925 1354 1989 uilio

303 2035 490 2089 ‘coaeternas
512 2041 581 2088 esse
604 2025 763 2088 credimus.
785 2024 850 2104 (ΙΙΙ,
878 2023 935 2101 16;
958 2021 995 2102 ΙΙ,
1017 2025 1167 2098 att-tt.)

395 2129 455 2191 Sed
477 2128 595 2203 Scelus,
611 2127 667 2188 etsi
689 2127 736 2188 lris
757 2126 833 2188 locis
856 2125 967 2188 diserte
982 2125 1065 2203 dixit,
1087 2143 1195 2188 causas
1207 2127 1353 2207 primord.

309 2230 386 2308 patri
416 2227 536 2308 filioque
568 2243 637 2288 esse
659 2233 892 2305 ,coaeternasp‘
916 2233 1014 2288 tumen
1036 2225 1103 2288 aliis
1125 2227 1201 2290 locis
1225 2234 1353 2290 conten-

310 2329 370 2405 dit,
396 2328 476 2408 ipsas
508 2341 569 2388 non
607 2328 728 2388 omnino
761 2325 808 2388 his
839 2343 908 2389 esse
941 2333 1166 2404 ,coaeternass
1196 2363 1239 2376 -
1260 2327 1353 2406 „ideo

309 2427 458 2506 (anim),“
479 2427 541 2506 ait,
573 2441 701 2503 „causas
732 2427 878 2507 primord.
916 2426 974 2489 deo
1006 2427 1133 2492 dicimus
1156 2434 1352 2508 coaeternas,

309 2529 379 2606 quia
402 2543 520 2606 semper
540 2526 570 2588 in
592 2525 650 2586 dcc
672 2525 737 2588 sine
757 2525 817 2588 ullo
841 2525 996 2606 temporali
1013 2529 1160 2608 principio
1173 2527 1352 2608 subsistunt,

309 2627 381 2689 ideo
401 2627 458 2706 ipsi
479 2642 541 2688 ncn
564 2631 759 2704 coaeternas,
788 2627 858 2707 quia
880 2643 978 2688 nona
1001 2645 1036 2690 so
1057 2629 1152 2708 ipsis,
1175 2627 1232 2690 scd
1251 2645 1269 2692 a
1290 2645 1349 2690 suo

310 2733 450 2789 creatore
471 2727 615 2806 incipiunt
634 2743 723 2804 esse,
756 2727 821 2806 ipse
843 2744 916 2790 vero
940 2734 1061 2790 creator
1081 2727 1165 2790 nullo
1187 2727 1278 2791 modo
1300 2728 1353 2790 in-

312 2826 383 2908 cipit
403 2831 499 2886 asse.“
526 2861 563 2874 -
585 2823 639 2888 Est
668 2831 767 2888 autem
788 2824 846 2888 lrao
865 2826 943 2888 illius
965 2829 1009 2889 rei
1033 2813 1232 2907 cnplicationc
1253 2830 1353 2908 magis

310 2926 400 2988 aliam
432 2924 565 2988 miranda
589 2926 666 2987 ratio
689 2925 858 3006 quaedam,
890 2943 968 3008 quae
990 2927 1058 2990 huic
1079 2928 1137 3008 ipsi
1158 2927 1352 3008 explicationi

310 3034 358 3089 est
379 3028 514 3089 adiecta:
546 3026 594 3104 ,Si
625 3027 654 3088 in
685 3026 752 3106 ipsa
787 3044 878 3090 causa
910 3043 1066 3090 causarum
1099 3029 1248 3108 omnium,
1269 3029 1300 3090 in
1323 3046 1351 3090 s.

312 3128 462 3203 trinitate,
491 3125 637 3207 quaedam
672 3125 847 3208 intelligitur
884 3129 1042 3208 processio
1064 3163 1105 3176 —
1139 3127 1236 3190 deitas
1270 3129 1351 3208 enim

311 3227 441 3310 gignens
461 3233 491 3288 cl
510 3226 631 3288 mittens
656 3226 810 3306 praecedit
828 3230 960 3308 genitam
982 3235 1012 3290 et
1033 3229 1258 3308 procedentem,
1280 3230 1351 3292 dum

312 3329 351 3390 sit
381 3343 440 3389 una
472 3332 502 3386 et
524 3327 731 3407 inseparabilis
756 3327 853 3390 deitas
876 3367 916 3377 -
940 3347 1001 3390 non
1024 3325 1129 3395 mirum
1152 3336 1208 3408 est,
1229 3337 1280 3394 aut
1300 3335 1351 3394 in-

313 3426 467 3504 credibile,
489 3445 646 3489 causarum
659 3429 789 3490 omnium
812 3448 931 3492 causam
945 3431 1131 3512 praecedere
1152 3449 1200 3510 ea,
1225 3449 1349 3513 quorum

313 3545 404 3590 causa
426 3527 616 3602 est‚“-(dc
633 3527 693 3590 div.
713 3535 774 3590 not.
794 3529 830 3606 ll,
852 3531 906 3607 213
929 3530 976 3610 ΙΙΙ,
998 3533 1017 3593 5
1038 3538 1141 3613 seqq.)
1155 3507 1351 3612 -⁸„Quam-

312 3645 401 3708 quarn
434 3633 532 3689 autem
562 3630 628 3710 capi
651 3629 762 3710 nequit,
784 3631 933 3710 quomodo
958 3649 1068 3695 causae
1092 3633 1299 3713 primordiales
1321 3641 1352 3696 et

312 3728 606 3792 laetaeetaeternac
627 3733 743 3812 possint
755 3749 833 3810 esse,
853 3749 904 3794 res
924 3740 1023 3796 tamen
1044 3731 1350 3815 illustraturexemplo

349 4034 394 4103 19)
413 4034 442 4086 ΙΙ.
462 4053 485 4088 c.
508 4037 535 4089 in
555 4036 611 4088 lilio
629 4053 677 4088 suo
698 4040 846 4110 unigenite.
878 4039 923 4091 ΩΙ·
935 4055 995 4112 sup.
1013 4042 1034 4112 §.
1059 4043 1122 4111 125,
1136 4041 1171 4096 ‹le
1187 4042 1240 4094 dir.
1256 4041 1291 4108 ll,
1306 4043 1348 4097 22.
