2938 4716
1106 369 1147 432 os

125 549 242 628 patrimum
256 553 310 623 ¹¹⁰)
344 562 399 626 per
429 544 562 624 speciem
591 518 695 626 cique'
710 544 902 610 adunabimus
916 555 970 628 ¹¹⁰)
989 568 1043 632 per
1064 558 1148 619 cori-

124 654 209 709 tatem.
250 645 327 720 Quid
359 661 435 726 ergo
458 643 495 706 ad
519 645 597 706 hanc
619 645 720 726 magni
743 645 875 728 theologi
897 649 1032 731 Dionysii
1057 673 1148 735 prae-

124 749 302 810 clarissimam
324 746 424 808 tubam
445 746 647 825 respondent,
682 746 732 825 qui
765 746 912 810 visibilem
931 750 1148 822 Eucharistiam
1204 803 1207 810 ·

123 849 157 909 nii
177 847 252 910 aliud
273 844 444 926 significare
465 849 584 925 praeter
605 861 639 906 se
661 846 754 925 ipsam
770 845 872 908 volunt
887 855 1052 916 asserere?
1074 857 1148 921 Dum

123 947 273 1009 clarissima
295 947 363 1008 tubo
387 943 520 1025 praefata
542 943 660 1022 elamat,
681 961 743 1006 non
763 945 811 1008 iiia
835 960 1022 1015 sacramenia
1042 958 1148 1021 nisibi.

122 1047 154 1108 lla
176 1045 296 1109 colenda
320 1063 417 1125 neque
439 1062 493 1124 pro
515 1046 641 1106 veritate
664 1045 870 1124 amplexanda,
903 1052 970 1130 quia
992 1056 1149 1137 significa-

122 1147 174 1208 tiva
191 1147 320 1208 veritatis
341 1151 420 1220 suni,
442 1161 540 1225 neque
562 1149 683 1224 proptor
705 1162 739 1206 sc
760 1146 824 1225 ipsa
845 1148 976 1230 inventa,
1007 1158 1147 1235 quoniam

122 1249 148 1308 in
168 1248 233 1326 ipsis
253 1247 319 1310 suris
340 1245 554 1326 intelligentiae
578 1261 637 1306 non
659 1251 725 1318 cst,
755 1247 810 1308 sed
834 1256 956 1329 propter
976 1253 1149 1337 incompre-

122 1346 284 1409 hensibilem
306 1346 439 1408 veritatis
461 1346 616 1418 virtutem,
648 1361 725 1424 quoe
747 1346 880 1410 Christus
902 1358 957 1429 est,
985 1355 1149 1421 inanitate

121 1447 254 1510 lucianae
279 1447 457 1526 divinaeque
479 1462 552 1506 suae
571 1446 754 1508 substantiae
769 1446 844 1508 ultra
859 1451 947 1513 o'mne
962 1455 1040 1533 quod
1056 1457 1148 1520 sensu

121 1550 231 1611 sentior
251 1565 411 1628 corporeo,
442 1563 533 1625 super
554 1561 654 1622 omne,
688 1545 768 1624 quod
789 1549 896 1611 virtute
916 1554 1077 1634 percipitur
1099 1559 1149 1620 in-

121 1650 288 1731 telligentiae
310 1648 385 1710 daus
406 1645 564 1710 invisibilis
584 1647 614 1708 in
634 1652 759 1726 utraque
777 1665 831 1711 sua
853 1657 983 1714 natura.“

555 2013 653 2094 Caput
678 2013 709 2078 V.

121 2201 184 2265 Cum
203 2203 240 2265 de
260 2153 331 2264 ciliis
351 2201 527 2284 quibusdam
549 2200 656 2276 rebus,
688 2219 767 2283 quae
799 2209 961 2283 practerea
988 2204 1026 2266 ad
1061 2203 1148 2284 Scot'p

120 2303 202 2366 vitam
237 2301 451 2366 illustrandam
479 2300 671 2382 pertincant,
704 2307 765 2362 tum
792 2301 954 2382 praecipue
976 2302 1014 2364 de
1035 2303 1148 2366 ultimis

534 2401 629 2482 ipsius
649 2399 732 2462 fatis.

191 2585 347 2664 Postquam
371 2583 459 2664 igitur
478 2581 602 2660 Scalas,
631 2589 662 2644 ot
683 2582 772 2664 longe
796 2583 1055 2647 verisimillimum
1079 2602 1147 2648 osse

118 2683 309 2761 probavimus,
333 2683 454 2744 circiter
475 2699 583 2744 annum
605 2681 787 2744 DCCCXLV.
813 2682 852 2744 ad
874 2682 1009 2746 Carolum
1031 2685 1146 2749 calvunr

117 2785 198 2862 uenit,
217 2787 243 2846 is
266 2783 374 2844 multos
396 2799 491 2844 annos
514 2781 657 2863 deinceps
680 2800 740 2844 non
754 2783 849 2845 solum
864 2785 1066 2847 convictorem
1080 2805 1146 2850 cunr

118 2891 196 2965 atque
219 2885 345 2946 amicum
369 2883 488 2964 habuit,
521 2882 752 2956 verumetiam,
782 2884 861 2963 quod
887 2885 955 2945 item
976 2885 1107 2966 pluribus
1130 2906 1147 2949 a

118 2985 195 3046 nobis
215 2992 261 3047 esl
282 2984 416 3060 relatum,
449 2991 480 3046 ut
500 3001 549 3045 res
570 2982 675 3044 inultas
697 2999 808 3063 casque
828 3001 938 3064 graves
961 3002 1147 3066 exsequere-

118 3091 169 3162 tur,
202 3087 352 3148 voluntatc
376 3103 430 3146 sua
453 3085 620 3146 commovit.
663 3083 707 3146 Eo
739 3089 836 3144 aulem
869 3084 936 3144 loco
970 3091 1000 3146 et
1030 3085 1146 3148 honora

118 3187 247 3263 quamdin
268 3186 375 3246 Scotus
395 3184 600 3262 permanserit,
630 3183 774 3244 incertum
796 3189 860 3242 est:
889 3199 1063 3263 quamquam
1087 3183 1146 3248 hoc

118 3285 182 3346 sctis
202 3287 385 3365 exploratum
408 3284 519 3345 habero
538 3283 691 3359 videmur,
726 3282 795 3343 illud
828 3289 961 3362 tempus,
995 3287 1146 3364 quoinde

119 3384 191 3462 abiit,
209 3389 258 3448 vix
282 3391 351 3446 ante
376 3402 484 3445 annum
507 3382 824 3445 occultumque.
866 3381 1007 3462 Namque,
1035 3393 1066 3446 ut
1088 3387 1145 3447 alia

118 3485 203 3546 minus
223 3492 306 3548 ccrta
327 3486 472 3546 mittamus
486 3491 529 3563 ¹),
566 3489 664 3546 exstat
690 3487 796 3563 poema
825 3482 974 3563 quoddam
1001 3483 1083 3548 Scoti
1105 3485 1144 3546 ad

263 3643 324 3648 .-.-
334 3641 380 3646 --.-
391 3639 414 3646 ι..

134 3720 190 3789 110)
207 3719 430 3784 ,,πι1ιιιιιι1)ἰιῃυι·,“

164 3809 189 3875 i)
211 3807 294 3860 Velut
320 3807 393 3858 iilam
419 3801 575 3876 epistolam,
601 3817 679 3872 quam
708 3799 846 3853 Nicolaum
869 3803 897 3864 i,
924 3811 991 3872 pont
1018 3819 1087 3854 naar.
1107 3803 1141 3854 de

208 3897 308 3948 Ioanne
326 3900 417 3946 nostro
435 3891 470 3942 od
490 3890 615 3942 Carolum
635 3889 737 3940 calaum
754 3891 891 3958 scripsisse
912 3893 981 3959 (cap.
1001 3889 1058 3959 itt.)
1077 3905 1141 3943 nar·

208 3983 330 4034 ravimus.
367 3980 398 4032 lo
418 3993 449 4032 ea
467 3977 554 4040 enim,
582 3983 612 4028 ut
630 3975 745 4031 habetur
765 3975 837 4045 apud
857 3976 997 4038 Balneum,
1028 3979 1139 4046 ilrigena

116 4125 121 4134 ,
209 4068 308 4132 „studii
328 4066 459 4118 Parisini“
476 4064 507 4132 (i.
527 4081 551 4117 e.
580 4062 687 4115 scholae
715 4064 863 4132 palatinos,
888 4079 969 4132 quam
995 4065 1138 4133 vocabant)

911 4149 930 4203 5
