2944 4714
598 197 760 298 Α

132 383 216 468 ginis
231 381 320 448 lieret
342 383 489 453 memoria
510 385 666 468 generalis
688 405 744 468 pro
767 382 912 450 tratribus
933 387 1047 452 vestris
1063 386 1217 456 defunctis

39 499 42 508 ¹
132 475 165 536 in
181 471 313 538 ecclesia
327 477 443 553 nostra,
464 491 521 554 pro
536 475 652 536 nostris
668 475 700 536 in
716 481 834 552 vestra;
858 491 933 538 sane
947 476 974 538 si
989 475 1102 540 iratres
1118 476 1217 540 vestri

134 559 173 624 ad
190 561 351 626 ecclesiam
366 567 501 624 nostram
517 559 701 642 aliquando,
717 580 808 626 causa
824 561 1026 642 visitationis,
1041 583 1109 628 cum
1125 565 1217 628 testi-

134 649 252 726 monio,
274 647 445 710 litterarum
465 656 637 712 vestrarum
652 650 838 726 accederint,
861 650 1051 730 recipientur
1072 652 1105 715 in
1120 650 1216 716 cboro
1284 709 1288 724 ,

134 741 252 812 nostro,
267 743 300 798 et
314 735 518 816 praebendam
534 737 744 817 quotidianam
759 733 921 817 accipient
959 737 1047 812 Quod
1063 740 1090 802 si
1105 739 1217 802 tratres

135 829 257 888 nostros
279 821 317 886 ad
337 822 500 886 eeclesiam
519 831 652 888 vestram
672 843 740 890 cum
763 824 937 888 testimonio
962 823 1132 890 litterarum
1154 845 1216 890 no·-

133 918 262 974 strarum
278 913 475 992 contingeret
489 911 646 990 accedere,
661 909 885 976 honorabiliter
899 912 1125 993 reciperentur,
1141 914 1216 976 etin

133 998 231 1062 choro
246 1005 351 1062 vestro
366 999 447 1061 sicut
460 997 608 1064 hactenus
624 1000 816 1064 observatam
832 1005 890 1077 est,
910 1000 1012 1066 locum
1038 1020 1216 1082 supremum

134 1085 319 1152 obtinerent.
354 1085 497 1150 Additum
513 1088 605 1150 etiam
628 1088 686 1152 luit
708 1087 790 1168 quod
807 1087 845 1150 de
860 1089 1023 1167 septennio
1039 1089 1071 1152 in
1086 1097 1216 1170 septon-

133 1174 220 1236 nium
235 1180 370 1238 nostram
386 1171 547 1238 eeclesiam
562 1175 731 1238 visitarent.
752 1173 986 1240 Postulaverunt
1001 1177 1090 1240 etiam
1107 1176 1145 1240 de
1160 1195 1216 1239 re-

136 1261 240 1342 liquiis
254 1261 376 1343 egregii
390 1263 489 1325 nostri
505 1263 694 1326 contessoris
710 1269 831 1326 vestrae
847 1261 1145 1344 ecclesiaeconeedi,
1160 1261 1215 1329 sed

136 1349 277 1432 quoniam
292 1347 332 1411 de
349 1365 480 1430 corpore
496 1349 563 1430 ejus
579 1349 655 1412 nibil
670 1369 802 1432 unquam
819 1357 979 1430 exerptum
999 1349 1069 1427 luit,
1093 1353 1124 1414 in
1146 1370 1215 1414 me-

134 1437 260 1500 moriam
284 1442 386 1500 mutae
401 1437 535 1500 caritatis
551 1436 700 1502 ecclesiae
722 1445 856 1512 vestrae,
876 1437 1051 1520 juncturam
1076 1439 1164 1520 digiti
1179 1439 1213 1502 B.

131 1523 236 1586 Brictii
262 1523 463 1602 contessoris,
488 1527 679 1590 successoris
694 1525 727 1588 B.
742 1525 876 1602 Martini,
900 1531 931 1588 et
946 1525 985 1588 de
1000 1526 1164 1605 sepulchro
1179 1525 1213 1588 B.
1250 1545 1253 1552 ’

131 1611 267 1688 Martini,
290 1612 379 1674 vobis
401 1613 642 1690 transmisimus,
666 1619 696 1674 et
718 1613 820 1677 omnia
847 1620 938 1692 prout
959 1613 1110 1692 postulata
1133 1620 1215 1691 sunt,

131 1699 291 1780 begnigno
314 1700 415 1762 animo
433 1706 464 1762 et
480 1701 614 1762 unanimi
635 1698 803 1776 voluntate,
824 1699 862 1764 ad
877 1699 998 1763 laudem
1013 1701 1084 1779 Dei,
1108 1708 1138 1764 et
1153 1701 1215 1764 bo-

133 1804 242 1850 norem
257 1785 288 1848 Β.
304 1785 426 1851 llartini
442 1791 661 1866 concessimus,
677 1794 708 1850 et
722 1787 819 1869 sigilli
835 1787 934 1851 nostri
951 1789 1118 1852 munimine
1134 1789 1215 1852 leci-

132 1891 201 1936 mus
216 1872 367 1952 roborari,
382 1882 481 1939 actum
497 1894 577 1940 anno
593 1875 717 1940 Domini
732 1875 770 1938 bt.
786 1893 830 1938 cc.

148 2081 331 2147 neuram
349 2081 397 2134 de
415 2081 520 2135 taint
536 2083 689 2144 martin,
712 2078 864 2149 Eaeque
881 2082 930 2134 de
949 2083 1087 2138 rom.
1107 2082 1195 2136 don·

235 2167 326 2222 ιιόει
343 2181 396 2221 ιι
412 2172 581 2234 chanlito
597 2173 646 2223 de
664 2170 919 2224 latrat-blant·
936 2165 961 2220 rb
977 2166 1104 2236 latone.

216 2313 393 2379 Ludovicus
408 2313 465 2378 Dei
480 2315 579 2398 gratia
593 2314 800 2394 Flandrensis‚
818 2313 1020 2380 Nivernensis
1037 2321 1068 2378 et
1082 2314 1212 2396 Regite-

127 2401 229 2466 lensis
245 2420 360 2482 comes,
381 2421 418 2464 ac
434 2402 575 2466 dominus
590 2402 832 2480 blecbliniensis,
855 2401 1086 2465 venerabilibus
1109 2410 1140 2466 et
1162 2401 1214 2466 di-

125 2490 240 2552 scretis
255 2491 332 2554 viris
348 2489 473 2554 Decano
490 2498 520 2554 et
535 2490 668 2572 capitulo
684 2491 834 2554 ecelesiae
850 2491 881 2554 S·
890 2491 1013 2553 Martini
1028 2489 1212 2556 Leodiensis

124 2574 259 2642 salutem
275 2584 305 2640 et
321 2595 412 2640 omne
426 2577 548 2642 bonum.
586 2579 771 2642 Deuotionis
787 2577 921 2655 allectio,
949 2596 1038 2660 quarn
1055 2578 1093 2641 ad
1109 2577 1213 2642 eecle-

124 2666 207 2730 siam
227 2671 361 2728 vestram
384 2665 570 2730 venerabilis
594 2667 641 2728 vir
663 2665 806 2729 dominus
823 2663 1012 2732 Guilhelmus
1028 2666 1066 2729 de
1080 2666 1214 2732 Ausona

125 2750 333 2816 cancellarius
350 2761 467 2832 nostor,
485 2755 644 2834 utriusque
655 2755 735 2834 juris
750 2753 921 2834 professor,
944 2754 1110 2820 eanonicus
1124 2755 1213 2818 Pari-

123 2841 215 2904 ensis
230 2839 346 2917 babuit,
375 2846 406 2902 et
429 2837 522 2904 habet
546 2841 582 2904 ab
598 2841 687 2904 annis
704 2843 818 2904 teneris
834 2839 981 2922 ejusdem.
1018 2841 1048 2904 Α
1070 2859 1140 2922 qua,
1163 2841 1213 2902 l-

123 2934 221 2990 vente
231 2927 309 3002 Deo,
325 2927 466 2992 fortunae
481 2945 554 2990 suae
569 2927 736 3008 primordia
752 2928 898 3010 congruis
914 2925 1085 2991 bonoribus
1100 2946 1212 2992 susce-

124 3016 185 3096 pit,
201 3021 293 3094 prout
307 3035 347 3078 ex
361 3023 448 3096 parte
464 3016 560 3098 ipsius
576 3015 746 3094 didicimus,
764 3035 821 3078 nos
839 3015 987 3079 inducunt
1001 3021 1034 3077 ut
1050 3015 1211 3080 ecclesiam

125 3108 262 3165 vestram
285 3103 480 3184 praedictam,
506 3105 648 3168 instantia
670 3110 702 3166 et
724 3104 867 3184 precibus
887 3102 961 3166 dieti
983 3102 1099 3166 domini
1122 3103 1212 3167 Guil-

124 3188 236 3268 helmi,
251 3209 269 3252 a
285 3208 345 3276 quo
362 3209 425 3254 non
441 3191 546 3270 semel,
573 3191 628 3254 serl
644 3192 849 3272 frequentius,
873 3198 904 3254 et
920 3191 1008 3271 quasi
1023 3209 1090 3254 eum
1106 3187 1211 3272 laery-

125 3277 188 3340 mis
203 3275 349 3342 admoniti
365 3279 532 3356 extitimus,
556 3284 589 3340 ut
603 3277 641 3342 dc
657 3279 812 3359 aliquibus
833 3278 973 3359 reliquiis
993 3279 1211 3360 gloriosissimi

127 3363 319 3430 confessoris
334 3365 368 3430 B.
382 3367 503 3429 blartiui
526 3367 675 3448 episcopi,
700 3367 732 3428 in
754 3367 841 3446 eujus
864 3367 984 3430 bonore
1007 3365 1086 3430 dicta
1108 3373 1211 3430 vestra

125 3452 264 3516 ecclesia
280 3459 327 3518 est
340 3453 489 3531 dedicata,
516 3452 644 3518 eandem
661 3452 822 3518 ecclesiam
839 3454 1019 3536 participem
1034 3453 1136 3518 lacere
1152 3472 1211 3517 cu-

124 3558 278 3606 caremus.

218 3621 410 3709 Quapropter
425 3625 602 3710 particulam
625 3646 715 3693 unam
731 3629 833 3695 Sancti
849 3627 887 3694 de
902 3628 1028 3712 proprio
1045 3627 1156 3710 eapite,
1180 3633 1211 3692 et

126 3713 307 3796 partiendam
323 3735 411 3780 unam
427 3715 465 3780 de
480 3715 560 3780 stola
574 3719 699 3798 propria
711 3716 848 3797 ejusdem
862 3719 903 3798 pii
919 3717 1118 3795 confessoris,
1134 3733 1209 3798 quas

126 3803 168 3866 de
188 3805 315 3886 proprio
336 3811 443 3868 nostro
457 3800 648 3884 reliquiario,
675 3806 707 3866 in
730 3823 790 3886 quo
811 3803 867 3869 sub
892 3801 973 3868 fideli
996 3810 1028 3868 et
1042 3804 1208 3869 indubitata

128 3891 270 3957 custodia
292 3891 465 3958 existebant
485 3891 673 3972 recepimus3
703 3900 734 3956 et
757 3911 834 3974 qnae
858 3892 895 3954 ab
923 3891 995 3954 olim
1018 3891 1055 3956 ab
1077 3891 1208 3957 ecclesia

128 3977 214 4042 beati
228 3979 349 4043 llartini
365 3979 552 4045 Turonensis
567 3985 736 4042 noscuntur
758 3980 910 4043 veraciter
924 3981 1126 4062 processisse,
1148 3997 1207 4042 an-

130 4066 224 4146 tiquis
239 4067 379 4148 registris
396 4075 426 4132 et
441 4067 633 4146 documentis
656 4069 782 4148 nostris,
810 4074 841 4130 et
856 4067 1128 4147 praedecessorum
1144 4083 1207 4128 no-

130 4159 275 4234 strorum,
299 4161 330 4220 et
349 4153 525 4236 specialiter
545 4153 710 4221 memoriae
733 4155 849 4222 domini
868 4155 1007 4238 Roberti,
1029 4155 1087 4220 Dei
1107 4152 1207 4236 gratia
