2938 4716
1144 329 1185 396 59

146 519 187 584 de
206 537 233 582 s.
256 517 445 582 iinobnristio
466 516 578 597 opinio.
620 515 821 598 berengarius
853 517 932 580 enim
960 521 1046 599 ponis
1068 521 1190 602 vinique

144 620 341 685 wirntontiunr
362 635 424 680 non
446 631 602 678 remunero
623 617 831 697 nognbotm:
852 617 1040 693 bertramnus,
1062 623 1117 682 etei
1130 621 1191 682 ob-

143 737 237 796 seura
259 715 404 782 interdum
428 724 516 797 utque
538 714 677 796 ambiguo
698 716 789 778 utitur
813 718 969 794 oratione,
1002 717 1059 780 boo
1091 724 1189 780 tomen

144 821 180 884 in
200 836 238 882 re
256 836 275 882 n
296 817 464 880 cntboiiooe
484 816 635 878 ecelesiae
654 833 746 878 sensu
767 833 828 880 non
852 820 1043 896 recessiton),
1074 817 1190 880 Deinde

144 919 207 983 iuis
226 917 419 999 temporibus,
443 917 549 998 quibus
570 916 902 998 pugnaberengnrinnn
922 918 1079 998 flagrabat,
1102 925 1192 998 atquo

145 1018 270 1081 dononio
288 1018 370 1080 scoti
390 1016 468 1079 tiber
489 1014 652 1078 identidem
673 1015 830 1097 tegebatur
843 1017 1106 1099 nummumque,
1128 1019 1193 1080 ltn-

146 1127 283 1184 ramnus
302 1117 380 1180 iliius
398 1116 508 1196 operis,
538 1115 618 1196 quod
638 1115 676 1176 ob
698 1132 735 1178 eo
757 1119 897 1197 scriptum
920 1118 1052 1196 seimus,
1086 1125 1193 1180 auctor

149 1224 183 1282 et
201 1215 340 1280 conditor
361 1222 451 1280 notus
474 1215 537 1278 suit.
586 1216 762 1296 Anonymur
786 1217 904 1298 quidem
925 1217 973 1280 iile
998 1218 1192 1298 Coiiotinnos,

149 1319 218 1382 sire
250 1335 316 1380 oum
343 1315 515 1380 biubiitonio
536 1315 734 1398 florigerum,
763 1317 901 1379 abbatem
932 1317 1193 1402 Loubionsemtt),

151 1419 204 1500 qui
227 1435 244 1480 a
267 1417 355 1480 Mttt.
377 1421 512 1478 morinus
532 1422 596 1494 est,
635 1432 701 1477 euru
735 1416 881 1497 dicimus,
903 1419 990 1502 rive,
1024 1425 1058 1481 ut
1085 1419 1192 1481 Penius

152 1519 316 1584 ostendere
338 1518 530 1594 conaturum,
563 1515 735 1593 uerbenas,
765 1517 814 1597 qni
837 1521 942 1596 posteo
966 1519 1071 1581 summi
1091 1520 1192 1601 ponti.

150 1620 220 1684 ficis
239 1617 341 1680 sedern
366 1615 502 1693 obtinuit,
522 1615 548 1676 is
569 1621 617 1676 est
638 1614 805 1692 bobendon,
835 1622 918 1678 certo
940 1617 1019 1680 hond
1039 1619 1079 1680 ito
1101 1617 1192 1680 inuito

152 1726 226 1782 unte
248 1718 488 1798 Borengurionos
512 1721 609 1776 motus
631 1713 819 1780 Rotrnmnum
839 1716 885 1778 sui
913 1715 979 1778 iibri
1003 1719 1195 1798 conscripto-

153 1838 221 1886 rem
241 1819 333 1881 inisse
353 1821 477 1878 testatus
499 1820 555 1876 est.
586 1814 652 1876 lino
672 1815 802 1890 accedit,
824 1815 903 1895 quod
946 1816 1103 1880 abittonim
1118 1818 1195 1880 duor

153 1918 232 1981 vidit
252 1914 404 1980 Botrumni
426 1913 550 1976 codices
571 1915 797 1994 manuscriptos,
818 1915 867 1994 qui
879 1914 1052 1997 berengerii
1067 1923 1195 1979 oetatem

153 2015 247 2080 focile
267 2019 453 2096 superarent,
481 2013 631 2076 Retromni
651 2015 771 2076 nomino
791 2011 947 2095 sig'nutos:
978 2031 1101 2096 quorum
1123 2015 1199 2078 niter

155 2119 190 2182 in
226 2113 353 2178 indicem
390 2112 551 2192 librorum,
586 2131 615 2176 o.
642 2113 772 2180 uxttx.
796 2113 974 2194 contentum,
992 2123 1024 2178 ut
1044 2116 1197 2182 ltutromni

155 2219 236 2281 iiber
254 2215 364 2278 reiutns
388 2212 504 2288 turtur

242 2317 355 2390 Quibus
376 2316 467 2395 igitur
486 2315 526 2375 ito
547 2313 691 2394 expositio
715 2313 807 2376 Sooto
828 2331 902 2394 opus
923 2331 1007 2377 snum
1030 2313 1069 2377 de
1089 2332 1114 2377 o.
1135 2313 1200 2377 liu-

155 2417 298 2480 eburiotio
334 2416 408 2479 sotio
442 2411 551 2496 grandi
582 2420 824 2495 argumentorum
855 2413 992 2497 pondere
1027 2414 1199 2478 rindionroo

156 2519 341 2697 ”deumne
363 2614 422 2678 boc
442 2613 512 2676 ioco
535 2613 609 2676 sotis
629 2614 731 2676 mirari
745 2629 807 2676 non
820 2605 989 2695 po‘ssnmm,
1011 2615 1080 2697 quid
1094 2616 1202 2679 drotum

159 2720 200 2782 sit
222 2716 385 2780 duunrriris
402 2715 648 2778 Stuudenmniero
682 2721 713 2776 et
731 2715 925 2794 Sobiuetoro‚
954 2717 1004 2798 qui
1035 2717 1138 2794 vixot)
1166 2733 1205 2779 ao

159 2837 201 2883 ne
220 2818 272 2880 rin
293 2815 466 2898 quideme)
488 2813 672 2895 dubitantes,
704 2817 773 2896 quin
801 2817 910 2880 Sootns
930 2817 1104 2900 berengarii
1126 2823 1205 2880 tern-

163 2969 450 2989 σου-μ’*-

195 3053 246 3119 89)
266 3051 403 3104 ediiitter.
424 3045 802 3116 Hmdbderiiircbengercb.
814 3047 880 3101 edit.
892 3050 925 3104 li.
941 3049 1004 3101 Voi.
1015 3051 1049 3112 lt,
1066 3047 1204 3120 otii.-

195 3155 246 3225 90)
265 3155 299 3207 ed.
321 3152 395 3206 trab.
422 3159 480 3204 retu
504 3149 603 3202 bened.
632 3167 701 3202 onec.
730 3151 776 3202 tv,
805 3169 831 3222 p.
860 3151 894 3204 11.
931 3153 1015 3222 proed.
1037 3171 1063 3204 n.
1093 3151 1126 3204 91
1149 3169 1205 3224 req.

264 3242 334 3294 tino
362 3240 444 3292 litter.
471 3237 505 3289 de
529 3240 554 3289 in
586 3237 684 3290 Franco
704 3245 770 3290 tom.
791 3239 825 3290 V.
847 3257 873 3310 p.
891 3238 946 3292 335
964 3255 1022 3310 req.
1056 3269 1091 3280 -
1117 3241 1209 3312 Quare

265 3331 345 3380 etiem
374 3327 523 3379 Centurint.
551 3323 676 3392 Mogdeb.
696 3325 778 3394 (cent.
797 3327 841 3379 tx.
867 3343 924 3398 erp.
945 3326 980 3378 do
1000 3326 1084 3382 doctr.
1104 3335 1131 3380 et
1148 3343 1206 3397 cup.

267 3415 436 3483 ceremoniir)
468 3413 586 3465 libenter
614 3411 666 3465 boo
699 3413 866 3482 largiuntur,
901 3414 1001 3467 babere
1035 3417 1206 3468 Rutromnuut

264 3499 571 3554 tranrrubrtnntiotionit
589 3501 706 3556 romine!
725 3531 760 3543 -

198 3606 251 3672 91)
269 3604 303 3656 ei.
322 3603 394 3656 trab.
413 3611 471 3657 notu
492 3602 590 3656 bened.
611 3619 680 3656 ruer.
698 3603 742 3656 lV.
759 3623 788 3675 p.
807 3602 840 3656 li.
858 3603 941 3674 praed.
964 3603 1051 3676 5111.

202 3710 253 3775 99]
274 3709 403 3762 Thesaur.
423 3705 546 3760 anecdot.
565 3715 633 3760 tom.
650 3709 670 3763 1.
689 3707 794 3762 dirrert.
814 3709 938 3776 isagogio.
960 3725 987 3778 p.
1008 3707 1096 3760 intr.

200 3798 251 3868 9³)
270 3798 304 3850 ef.
333 3796 404 3848 idab.
429 3796 447 3848 Ι.
477 3813 500 3847 o.
531 3797 615 3866 proed.
639 3796 726 3850 rr.83.
763 3795 805 3848 Du
826 3795 880 3848 Pin.
899 3812 981 3848 nono.
1002 3793 1129 3847 biblioth.
1147 3799 1212 3845 torn.

269 3881 327 3935 Vll.
348 3901 375 3954 p.
397 3881 441 3944 68,
461 3884 485 3937 1.
522 3881 592 3935 Hirt.
612 3883 666 3936 litt.
686 3882 762 3935 dola
783 3884 824 3934 Fr.
843 3881 955 3943 tormv.
973 3881 1080 3952 poto.
1101 3911 1135 3925 -
1168 3949 1170 3953 v

202 3970 253 4039 91)
276 3971 311 4022 ci.
327 3969 483 4022 Stoudenm.
502 3971 523 4021 1.
538 3971 611 4022 Soot.
632 3969 702 4038 Erig.
722 3967 916 4040 neon-too.

201 4057 252 4128 95)
268 4057 303 4109 ci.
321 4055 440 4113 sdrtuet
456 4057 478 4110 1.
496 4057 567 4112 Scot.
587 4057 658 4127 linig.
677 4055 858 4111 dedinent.
876 4053 938 4107 libri
957 4054 989 4106 V.
1008 4070 1034 4124 p·
1052 4053 1083 4106 V.
1164 4083 1215 4126 m,
