2940 4710
703 265 767 335 226

628 351 839 370 μ--ι-ΰ

188 421 352 489 liarerunt.
374 419 521 484 caulinis
539 436 612 482 roro
625 419 782 503 Papatieis
806 419 928 500 legibus
951 415 1066 498 etjam
1090 407 1222 498 abiecta
1236 433 1286 478 eo-

189 529 286 594 olesia
310 528 450 590 Romana
482 528 514 590 iu
533 531 654 588 tontum
678 526 803 606 quidam
825 525 1010 587 Pontificum
1035 527 1219 600 creverunt,
1253 526 1290 582 ut

187 639 348 701 maximam
365 643 485 718 partem
505 633 628 714 imperii
650 630 751 694 noitri
769 630 966 714 Apostolatui
984 647 1041 691 suo
1057 629 1289 708 conjungerent,

182 751 248 832 jam
272 764 334 807 non
359 746 556 822 quaerentes,
571 756 650 816 quae
673 743 707 798 et
724 744 841 817 quanta
859 740 927 802 suis
952 735 1053 815 euripis
1073 731 1288 814 perdiderunt,

184 873 247 916 non
264 854 420 926 curantes,
437 859 551 928 quanta
568 863 604 904 ex
622 841 796 904 voluntaria
813 843 948 904 vanitate
963 837 1149 917 effuderunt,
1165 838 1220 901 sed
1231 859 1288 902 sua

183 960 312 1043 propria
329 960 436 1037 utpote
455 948 574 1014 abillis
593 949 671 1029 ipsis
690 947 861 1032 dilapidata
883 947 1093 1020 dimittentes,
1116 946 1204 1024 quasi
1226 944 1289 1007 eul-

181 1087 253 1150 pam
273 1083 360 1128 errem
377 1063 409 1122 in
424 1057 588 1142 imperium
602 1061 741 1148 nostrum
756 1059 983 1134 retorquentes,
1003 1050 1042 1112 ad
1059 1047 1168 1127 allona,
1184 1050 1217 1111 ld
1234 1057 1284 1113 est

182 1173 221 1234 ad
240 1175 349 1231 nostra
372 1171 404 1228 ot
426 1163 527 1227 nostri
544 1161 667 1241 imperii
687 1159 816 1220 maxime
841 1161 1059 1238 migraverunt·
1092 1156 1179 1218 llaec
1199 1159 1279 1219 enim

181 1283 255 1342 sunt
270 1275 440 1336 commenta
457 1265 573 1330 abillis
592 1267 670 1347 ipsis
688 1267 826 1339 inventa,
846 1264 959 1344 quibua
973 1262 1109 1324 loannes
1125 1263 1282 1327 Diaconus

181 1387 384 1464 cognomento
422 1374 588 1455 digitorum
626 1369 754 1432 mutilus
793 1375 996 1452 praeceptum
1030 1369 1134 1430 aureis
1169 1365 1285 1431 litteris

181 1490 313 1569 scripsit
332 1485 389 1546 sub
409 1479 501 1542 titulo
520 1479 619 1558 magui
638 1478 853 1554 Constantini,
873 1475 959 1555 longi
983 1473 1132 1537 mendatii
1143 1480 1284 1558 tempora

179 1593 279 1656 tinxit.
310 1591 396 1652 llaec
412 1591 484 1650 suunt
502 1585 595 1645 etiam
614 1591 785 1646 commenta
802 1583 913 1663 quibus
929 1581 1038 1643 dieunt
1055 1580 1217 1660 quemdam
1225 1582 1285 1645 Ga·

180 1699 282 1764 rolum
306 1701 414 1760 sancto
442 1695 534 1756 Petro
554 1697 662 1752 nostra
684 1686 811 1772 publica
826 1688 993 1764 tribuisse,
1015 1685 1069 1750 sed
1084 1685 1221 1750 adhaec
1236 1707 1285 1750 re-

181 1802 382 1888 spondemus,
405 1801 508 1882 ipsum
524 1794 669 1859 carolum
695 1791 776 1854 nihil
803 1791 876 1855 dare
891 1797 964 1875 jure
985 1795 1145 1874 potuisse,
1174 1802 1286 1878 utpote

176 1913 239 1996 jam
254 1905 395 1970 acarolo
411 1904 539 1968 meliore
552 1903 702 1984 iugatum,
712 1903 778 1984 jam
793 1900 923 1982 imperto
938 1901 1105 1980 privatum,
1115 1903 1181 1983 jam
1192 1901 1287 1963 desti-

179 2025 280 2082 tutum
297 2018 329 2074 et
343 2008 544 2073 annrdlatum.
575 2011 658 2089 Ergo
682 2005 764 2088 quod
781 2025 842 2067 non
864 2006 987 2084 habirit,
1003 2004 1100 2084 dedit,
1125 2007 1174 2068 sio
1191 2006 1289 2086 dedit,

180 2127 227 2188 sic
251 2121 396 2183 nimirum
421 2117 494 2178 dare
520 2116 653 2200 potuit,
670 2118 779 2195 utpote
800 2113 852 2192 qul
877 2111 955 2173 male
975 2114 1163 2194 aequisivit,
1184 2120 1216 2176 et
1232 2113 1286 2175 diu

181 2251 214 2294 se
231 2244 449 2312 possessurum
464 2242 524 2284 non
542 2221 689 2302 speravit.
722 2217 845 2300 Spretis
860 2239 933 2298 ergo
952 2219 1177 2282 commentitiis
1196 2240 1288 2304 prae·

182 2335 281 2419 ceptis
295 2340 330 2393 et
346 2331 537 2412 imaginariis
558 2325 685 2406 scriptis
701 2345 738 2385 ex
753 2330 859 2384 nostra
879 2323 1081 2388 conserimus:
1103 2328 1187 2388 sieut
1203 2329 1285 2389 enim

180 2461 240 2526 pro
263 2457 366 2500 amore
392 2438 489 2497 sancti
515 2434 599 2496 Petri
622 2431 786 2494 Dominum
811 2426 1005 2509 Sylrestrum
1026 2431 1211 2514 Magistrum
1228 2453 1286 2495 no-

182 2556 281 2612 strum
295 2545 410 2627 Papam
425 2539 590 2619 elegimus,
605 2545 637 2597 et
650 2538 714 2598 Deo
734 2533 853 2596 salente
867 2539 969 2619 ipsuun
985 2539 1219 2601 serenissimum
1235 2559 1287 2601 or-

183 2653 356 2714 dinavimus
372 2655 405 2709 et
422 2645 603 2719 creavimus,
623 2641 669 2703 lta
683 2662 740 2724 pro
755 2661 859 2704 amore
876 2644 977 2726 ipsius
994 2644 1117 2706 Domini
1134 2643 1288 2729 Sylrestri

183 2757 285 2840 Papae
317 2759 426 2817 saneto
450 2751 543 2814 Petro
569 2748 609 2809 de
631 2745 757 2830 publico
781 2754 891 2810 nostro
917 2747 996 2812 dona
1022 2751 1229 2830 conterimus,
1251 2756 1287 2812 ut

183 2864 298 2927 lrabeat
310 2861 469 2942 magister,
480 2841 557 2938 quid
566 2855 703 2936 Principi
714 2861 824 2917 nostro
838 2854 929 2915 Petro
946 2875 963 2916 a
981 2863 1068 2940 parte
1079 2860 1128 2920 sul
1140 2857 1287 2942 disciptdi

186 2970 303 3033 offerat
326 2967 405 3028 Octo
424 2965 520 3045 lgitur
537 2961 703 3024 comitatus
718 2980 774 3042 pro
791 2979 894 3023 amore
908 2963 1048 3044 magistri
1062 2967 1165 3026 nostri
1182 2965 1286 3026 Domi-

185 3077 218 3137 ni
235 3073 387 3156 Splrestrl
414 3069 513 3152 Papae
537 3073 643 3130 saneto
661 3068 753 3128 l’etro
777 3067 933 3130 offerimus
954 3074 985 3128 et
1008 3065 1171 3150 donamus,
1191 3075 1224 3130 ut
1246 3070 1287 3132 ad

185 3183 337 3245 honorem
355 3175 413 3240 Del
435 3183 467 3237 et
484 3175 585 3236 sancti
602 3175 686 3236 Petri
712 3193 781 3236 eum
808 3193 865 3236 sua
882 3180 914 3233 et
929 3179 1037 3234 nostra
1054 3169 1154 3236 salute
1171 3174 1287 3237 habeat

187 3290 363 3354 uitauerat,
392 3290 425 3346 et
443 3281 635 3344 incrementa
652 3279 705 3342 sui
721 3277 923 3360 Apostolatus
959 3280 1121 3361 nostrique
1153 3279 1284 3362 lmperil

188 3393 320 3456 ordinet.
350 3391 417 3452 llos
440 3396 545 3451 sutem
564 3387 626 3450 ribi
648 3385 687 3446 ad
710 3385 914 3447 ordinandum
934 3384 1153 3465 concedimus,
1175 3387 1288 3450 Pisau-

190 3502 282 3574 rium,
297 3499 426 3574 Panum,
444 3491 664 3574 senogalliam,
684 3493 852 3568 Anconam,
873 3493 1075 3570 Fossabrum,
1100 3491 1288 3554 Galillresim

187 3611 221 3668 et
235 3605 414 3678 dusimum,
432 3606 471 3661 ut
489 3597 596 3660 nullus
620 3597 756 3678 unquam
770 3598 803 3659 ei
820 3603 852 3658 et
866 3604 973 3662 saneto
992 3598 1083 3661 Petro
1102 3596 1215 3659 audeat
1229 3595 1288 3660 ali-

188 3729 281 3792 quam
297 3705 553 3788 inquietationem
570 3703 674 3765 iaeere
694 3708 752 3763 aaut
776 3721 848 3764 eum
876 3702 982 3786 aliquo
1001 3703 1123 3786 ingenio
1146 3703 1286 3784 fatigare.

189 3818 372 3898 Quicunque
396 3829 468 3872 reru
494 3809 757 3895 praesumpserit,
780 3809 882 3872 omnia
907 3827 985 3890 quae
1009 3811 1124 3890 habet,
1152 3811 1286 3888 amittat,

185 3931 219 3987 et
241 3927 366 3984 sanetus
382 3917 512 3994 Petrus,
533 3934 611 3996 quae
635 3919 709 3977 sunt
732 3935 799 3994 sus,
820 3917 960 3998 recipiat.
990 3918 1035 3980 Ut
1054 3917 1116 3978 hoe
1134 3922 1235 3978 autem
1250 3918 1285 3978 in
1419 4001 1423 4008 ι

187 4036 344 4094 aeternum
358 4025 397 4088 air
411 4023 555 4100 omnibus
567 4015 778 4100 summetur,
789 4021 850 4083 lroe
862 4027 1064 4102 proeooptnss
1072 4027 1286 4087 mmunostra
