2938 4716
268 348 309 412 hh

267 521 347 602 quod
380 519 529 582 dilectioni
563 527 680 583 vestrae
717 519 910 580 vehementer
941 525 1082 600 rogantes
1113 520 1298 597 mandamus,

267 628 410 704 quatenus
432 621 618 700 Apostolnlui
638 627 741 682 nostro
758 619 939 699 praedictum
958 618 1097 681 loannem
1118 635 1297 700 repraesen-

266 723 322 782 tari
355 719 502 796 faveatis,
533 729 584 781 aut
612 726 694 782 certe
717 719 837 781 Parisiis
859 722 888 779 iu
918 719 1033 780 studio“
1065 722 1102 793 (l.
1126 737 1152 781 e.
1175 719 1295 794 schola)
1332 793 1335 796 .

267 823 369 900 „ouius
390 821 520 900 Capitul“
542 822 577 895 (i.
600 839 627 887 c.
652 826 754 899 capul)
787 821 863 897 „iam
893 817 963 880 olim
993 818 1085 880 luisse
1117 820 1294 899 perhibetur,

265 923 375 983 morari
398 939 457 982 non
480 923 583 982 sinatis
600 965 629 982 ..
645 927 736 997 .¹¹).“
757 955 798 968 -
819 921 863 981 De
886 926 1029 1000 tempore,
1053 937 1112 1000 quo
1134 921 1208 982 haec
1230 921 1295 1000 cpi·

265 1021 342 1084 stola
362 1023 471 1100 scripta
495 1021 542 1096 sit,
563 1021 670 1102 legitur
690 1020 767 1100 apud
789 1020 946 1082 Bulaeum:
966 1021 1088 1097 „Datum
1102 1021 1294 1102 anuohpost.

264 1121 359 1183 nostri
390 1120 472 1197 lll.‚“
501 1122 551 1200 qui
582 1127 629 1182 cst
649 1138 743 1182 annus
771 1119 950 1182 boccum:
993 1119 1042 1182 alii
1079 1119 1199 1197 dicunt,
1231 1121 1295 1181 cir-

265 1223 341 1286 citer
361 1222 490 1302 quinquo
512 1222 598 1282 annis
620 1229 687 1301 post
707 1239 772 1282 cam
792 1238 860 1282 esse
885 1219 991 1282 datam.
1023 1218 1136 1294 Quodsi
1156 1220 1204 1282 bic
1220 1219 1295 1282 illius

265 1320 409 1400 epistolae
434 1321 518 1382 locus
540 1330 613 1398 (uec
638 1320 822 1398 dubitamus5
855 1321 925 1399 quin
956 1321 996 1383 ila
1025 1321 1078 1395 sit)
1100 1338 1132 1381 re
1155 1338 1226 1382 vera
1251 1327 1297 1382 est

263 1421 391 1500 Nicolni‚
413 1425 519 1484 Scotus
539 1429 642 1484 noster
663 1424 744 1492 circo
768 1438 822 1483 cos
845 1439 951 1506 annos,
974 1439 1050 1502 quos
1073 1421 1207 1498 diximus,
1238 1421 1295 1482 iam

265 1521 378 1602 pridem
399 1523 621 1584 Parisicnsibus
635 1522 796 1584 litterarum
828 1522 932 1584 studiis
954 1509 1014 1584 non
1040 1523 1135 1584 solum
1158 1521 1296 1597 interfuit,

265 1641 367 1687 verum
387 1625 473 1685 etiam
493 1623 630 1703 praeluit.
673 1624 818 1697 Quamdiu
853 1609 949 1684 autem
980 1630 1084 1703 postea
1116 1641 1153 1685 eo
1183 1623 1296 1684 honoro

266 1742 302 1784 ac
335 1723 402 1785 loco
434 1724 592 1798 nranserit,
622 1723 709 1802 plane
737 1724 922 1804 ignoramus:
961 1741 1017 1784 uec
1038 1723 1118 1785 ullibi
1139 1723 1296 1804 quidquam

266 1824 461 1902 perscriptum
483 1823 656 1900 invenimus,
678 1822 759 1894 annuo
783 1829 933 1902 appareat,
963 1831 1056 1884 utrum
1079 1821 1193 1886 Nicolai
1215 1825 1297 1886 iussu

266 1922 388 1984 Roaiam
409 1923 515 1983 missus
537 1923 584 1998 sit,
606 1941 662 1984 neo
684 1939 733 1983 ne.
775 1922 1035 1986 Staudenmnierus
1055 1933 1099 2003 (p.
1117 1922 1295 1999 166467)

266 2039 332 2084 curn
355 2039 414 2084 non
439 2041 508 2085 esse
529 2024 648 2086 missum
670 2023 813 2087 allirmat:
835 2032 960 2102 nonest,
983 2025 1062 2104 quod
1077 2025 1184 2086 nimiae
1201 2027 1293 2104 ipsum

266 2124 439 2186 temeritatis
467 2141 594 2203 arguere
623 2125 759 2188 velimus.
801 2125 923 2187 Constat
953 2126 1049 2202 enim,
1087 2141 1172 2205 quum
1208 2143 1294 2187 carus

266 2225 331 2302 regi
355 2241 409 2285 suo
432 2222 520 2285 luerit
539 2223 687 2305 Erigone,
720 2233 750 2287 et
771 2224 848 2287 hunc'
872 2227 966 2305 ipsum
988 2243 1090 2306 regem
1113 2228 1200 2288 etlam
1223 2226 1296 2289 alias

265 2341 442 2386 summorum
463 2325 632 2403 pontilioum
653 2326 789 2387 mandata
812 2344 914 2405 parum
938 2343 1068 2387 curasse.

347 2423 498 2502 Reliquum
523 2431 585 2502 est,
621 2431 652 2487 ut
685 2425 723 2487 de
755 2425 942 2506 gravioribus
962 2425 1135 2506 quibusdam
1155 2428 1294 2507 nogotiis

229 2508 232 2516 ’
267 2539 343 2604 quae
369 2529 524 2602 praeterea
557 2523 661 2586 loanni
692 2525 838 2587 acaroto
866 2525 1003 2587 mandata
1025 2543 1093 2587 esse
1115 2530 1295 2607 accepimus,

266 2623 369 2704 paucis
405 2623 563 2686 dicendum
594 2625 641 2685 sit.
684 2624 767 2699 Quae
799 2625 916 2705 quidem
950 2625 1070 2687 omniuo
1102 2625 1185 2688 luere
1216 2625 1274 2688 duo
1285 2639 1295 2688 ἰ

267 2723 400 2800 alterum,
420 2729 452 2785 ut
471 2723 559 2785 latine
581 2723 721 2788 redderet
743 2731 773 2787 et
793 2725 885 2788 libros
904 2724 1015 2805 aliquot
1025 2725 1297 2806 Pseudo-Dionysii

267 2830 298 2886 et
317 2823 436 2886 Scholia
457 2823 574 2887 Maximi
593 2825 746 2889 cuiusdam
765 2827 795 2888 in
821 2825 997 2910 Gregorium
1013 2825 1182 2908 theologum
1204 2835 1296 2906 (manc

269 2999 592 3014 *tn—nm

202 3119 204 3124 ·
304 3089 573 3160 tosianianum.
601 3092 694 3143 verba.
711 3108 739 3142 so
767 3091 868 3143 habeut
895 3090 966 3162 apud
995 3092 1117 3142 Eulaeum
1136 3090 1211 3158 (hirt-
1232 3089 1296 3140 Uni-

366 3180 456 3230 vertit.
477 3179 553 3230 Paris.
572 3186 636 3230 tom.
657 3181 681 3240 l,
700 3195 716 3246 p
747 3177 825 3248 184),
850 3181 896 3250 qui
915 3179 948 3231 de
970 3181 1081 3248 antiquo
1100 3178 1244 3246 eaerupluri
1264 3195 1296 3229 ea

268 3257 275 3270 ⁸
365 3267 523 3335 deprompta
552 3281 609 3315 esse
638 3266 677 3315 ait
704 3265 815 3318 laudans
839 3267 974 3324 „Gahdel.
1000 3265 1102 3318 Naudei
1130 3267 1241 3318 Cossech
1263 3283 1296 3316 cx

369 3353 496 3404 biblioth.
518 3353 619 3404 Οιιοει.ιι
656 3351 708 3404 Sed
726 3353 848 3404 iuventus
866 3361 914 3415 eat,
942 3353 989 3422 qui
1011 3352 1139 3402 Balneum
1158 3351 1294 3403 iraudicu·

365 3443 408 3491 lae
448 3440 601 3490 insimulare
635 3439 733 3502 vallet,
765 3441 838 3510 quod
866 3439 946 3492 verba
965 3439 999 3490 de
1024 3439 1137 3497 „Schola
1156 3439 1293 3492 Paritiensi

366 3527 476 3597 eliasque
496 3527 630 3595 praelecto
652 3527 780 3594 Erigcw
799 3562 825 3577 ..
846 3528 902 3596 ipsc
918 3527 1079 3580 inseruisset.
1098 3525 1196 3578 Verum
1210 3528 1295 3576 eninr-

365 3631 446 3674 vero,
472 3612 545 3682 quod
572 3612 635 3675 alii,
663 3614 709 3683 qui
737 3622 840 3665 tantum
859 3613 987 3683 quaedam
1010 3613 1163 3666 calliculae
1182 3613 1295 3684 epistula

367 3709 491 3767 excerpta
512 3699 664 3760 habebant,
693 3702 722 3752 in
743 3701 784 3751 his
804 3701 849 3750 illa
870 3701 950 3751 verba
968 3719 1022 3751 uon
1042 3701 1177 3766 legerent,
1204 3700 1294 3750 Bralaei

365 3785 443 3837 iidem
462 3804 516 3836 nou
537 3797 689 3855 expuguat3
716 3804 766 3838 nec
789 3787 833 3850 id,
865 3787 936 3856 quod
960 3788 1000 3839 itti
1019 3787 1148 3858 quaedam
1168 3789 1294 3855 legerent,

364 3890 433 3942 anniae
452 3873 522 3942 apud
543 3873 614 3925 hunc
632 3883 786 3924 nouerant.
824 3873 888 3924 Natu
916 3885 944 3926 et
972 3876 1083 3926 Bulaeus
1109 3881 1190 3922 -ut
1217 3873 1294 3922 Stau-

365 3960 509 4012 deumnier.
540 3961 558 4010 l.
578 3978 599 4010 c.
630 3968 700 4012 recte
728 3970 818 4013 nannet
848 3991 878 4002 -
909 3961 1025 4013 forsitam
1056 3960 1141 4012 solum
1173 3963 1296 4028 excerpta

368 4046 471 4098 habuit.
