<?xml version="1.0" encoding="UTF-8"?>
<!DOCTYPE html PUBLIC "-//W3C//DTD XHTML 1.0 Transitional//EN"
    "http://www.w3.org/TR/xhtml1/DTD/xhtml1-transitional.dtd">
<html xmlns="http://www.w3.org/1999/xhtml" xml:lang="en" lang="en">
 <head>
  <title>
</title>
<meta http-equiv="Content-Type" content="text/html;charset=utf-8" />
  <meta name='ocr-system' content='tesseract 3.04.00' />
  <meta name='ocr-capabilities' content='ocr_page ocr_carea ocr_par ocr_line ocrx_word'/>
</head>
<body>
  <div class='ocr_page' id='page_1' title='image "./deioannescotoer00unkngoog_0121.png"; bbox 0 0 2934 4710; ppageno 0'>
   <div class='ocr_carea' id='block_1_1' title="bbox 238 337 299 404">
    <p class='ocr_par' dir='ltr' id='par_1_1' title="bbox 238 337 299 404">
     <span class='ocr_line' id='line_1_1' title="bbox 238 337 299 404; baseline 0.033 -2"><span class='ocrx_word' id='word_1_1' title='bbox 238 337 299 404; x_wconf 74' lang='grc'><strong>114</strong></span> 
     </span>
    </p>
   </div>
   <div class='ocr_carea' id='block_1_2' title="bbox 232 515 1276 999">
    <p class='ocr_par' dir='ltr' id='par_1_2' title="bbox 232 515 1276 999">
     <span class='ocr_line' id='line_1_2' title="bbox 233 515 1275 600; baseline 0.007 -19"><span class='ocrx_word' id='word_1_2' title='bbox 233 519 283 597; x_wconf 87' lang='lat' dir='ltr'><strong>lia,</strong></span> <span class='ocrx_word' id='word_1_3' title='bbox 298 519 345 580; x_wconf 87' lang='lat' dir='ltr'><strong>de</strong></span> <span class='ocrx_word' id='word_1_4' title='bbox 365 517 568 600; x_wconf 74' lang='lat' dir='ltr'><strong>spiritualibus</strong></span> <span class='ocrx_word' id='word_1_5' title='bbox 589 515 629 580; x_wconf 88' lang='lat' dir='ltr'><strong>ad</strong></span> <span class='ocrx_word' id='word_1_6' title='bbox 652 517 822 598; x_wconf 86' lang='lat' dir='ltr'><strong>corporalia</strong></span> <span class='ocrx_word' id='word_1_7' title='bbox 846 553 885 568; x_wconf 91' lang='lat'><em>-</em></span> <span class='ocrx_word' id='word_1_8' title='bbox 907 557 947 570; x_wconf 89' lang='lat'>-</span> <span class='ocrx_word' id='word_1_9' title='bbox 971 537 1057 583; x_wconf 90' lang='lat' dir='ltr'><strong>suum</strong></span> <span class='ocrx_word' id='word_1_10' title='bbox 1072 523 1275 588; x_wconf 74' lang='lat' dir='ltr'><strong>miserabilem</strong></span> 
     </span>
     <span class='ocr_line' id='line_1_3' title="bbox 233 617 1276 704; baseline 0.006 -22"><span class='ocrx_word' id='word_1_11' title='bbox 233 620 393 698; x_wconf 88' lang='lat' dir='ltr'><strong>interitum,</strong></span> <span class='ocrx_word' id='word_1_12' title='bbox 426 617 478 680; x_wconf 88' lang='lat' dir='ltr'><strong>tali</strong></span> <span class='ocrx_word' id='word_1_13' title='bbox 511 634 609 697; x_wconf 89' lang='lat' dir='ltr'><strong>poena</strong></span> <span class='ocrx_word' id='word_1_14' title='bbox 645 617 824 696; x_wconf 87' lang='lat' dir='ltr'><strong>admonitus,</strong></span> <span class='ocrx_word' id='word_1_15' title='bbox 845 622 939 701; x_wconf 86' lang='lat' dir='ltr'><strong>poluit</strong></span> <span class='ocrx_word' id='word_1_16' title='bbox 960 638 1160 704; x_wconf 81' lang='lat' dir='ltr'><strong>eognosoere,</strong></span> <span class='ocrx_word' id='word_1_17' title='bbox 1183 631 1215 686; x_wconf 89' lang='lat' dir='ltr'><strong>ut</strong></span> <span class='ocrx_word' id='word_1_18' title='bbox 1235 626 1276 688; x_wconf 89' lang='lat' dir='ltr'><strong>nd</strong></span> 
     </span>
     <span class='ocr_line' id='line_1_4' title="bbox 232 718 1274 807; baseline 0.006 -25"><span class='ocrx_word' id='word_1_19' title='bbox 232 737 321 801; x_wconf 46' lang='lat' dir='ltr'><strong>suae,</strong></span> <span class='ocrx_word' id='word_1_20' title='bbox 343 719 496 800; x_wconf 75' lang='lat' dir='ltr'><strong>dignitatis</strong></span> <span class='ocrx_word' id='word_1_21' title='bbox 533 718 687 798; x_wconf 90' lang='lat' dir='ltr'><strong>pristinum</strong></span> <span class='ocrx_word' id='word_1_22' title='bbox 730 725 836 782; x_wconf 90' lang='lat' dir='ltr'><strong>statum</strong></span> <span class='ocrx_word' id='word_1_23' title='bbox 878 722 1060 801; x_wconf 89' lang='lat' dir='ltr'><strong>poenitendo</strong></span> <span class='ocrx_word' id='word_1_24' title='bbox 1095 723 1274 807; x_wconf 82' lang='lat' dir='ltr'><strong>divinasque</strong></span> 
     </span>
     <span class='ocr_line' id='line_1_5' title="bbox 232 819 1273 905; baseline 0.01 -24"><span class='ocrx_word' id='word_1_25' title='bbox 232 819 328 902; x_wconf 81' lang='lat' dir='ltr'><strong>leges,</strong></span> <span class='ocrx_word' id='word_1_26' title='bbox 363 837 438 901; x_wconf 92' lang='lat' dir='ltr'><strong>quas</strong></span> <span class='ocrx_word' id='word_1_27' title='bbox 461 827 669 901; x_wconf 81' lang='lat' dir='ltr'><strong>transgressus</strong></span> <span class='ocrx_word' id='word_1_28' title='bbox 690 825 764 897; x_wconf 88' lang='lat' dir='ltr'><strong>erat,</strong></span> <span class='ocrx_word' id='word_1_29' title='bbox 786 820 937 901; x_wconf 86' lang='lat' dir='ltr'><strong>implendo</strong></span> <span class='ocrx_word' id='word_1_30' title='bbox 957 822 1058 886; x_wconf 89' lang='lat' dir='ltr'><strong>redire</strong></span> <span class='ocrx_word' id='word_1_31' title='bbox 1079 824 1273 905; x_wconf 52' lang='lat' dir='ltr'><strong>postularet!</strong></span> 
     </span>
     <span class='ocr_line' id='line_1_6' title="bbox 232 919 432 999; baseline 0.01 -17"><span class='ocrx_word' id='word_1_32' title='bbox 232 919 283 999; x_wconf 86' lang='grc' dir='ltr'>(ΙΙ,</span> <span class='ocrx_word' id='word_1_33' title='bbox 306 922 432 997; x_wconf 72' lang='grc'>11.)-</span> 
     </span>
    </p>
   </div>
   <div class='ocr_carea' id='block_1_3' title="bbox 696 1084 796 1168">
    <p class='ocr_par' dir='ltr' id='par_1_3' title="bbox 696 1084 796 1168">
     <span class='ocr_line' id='line_1_7' title="bbox 696 1084 796 1168; baseline -0.02 -17"><span class='ocrx_word' id='word_1_34' title='bbox 696 1099 725 1168; x_wconf 75' lang='grc' dir='ltr'><strong>ς.</strong></span> <span class='ocrx_word' id='word_1_35' title='bbox 746 1084 796 1152; x_wconf 82' lang='grc'><strong>49.</strong></span> 
     </span>
    </p>
   </div>
   <div class='ocr_carea' id='block_1_4' title="bbox 222 1241 1272 2227">
    <p class='ocr_par' dir='ltr' id='par_1_4' title="bbox 222 1241 1272 2227">
     <span class='ocr_line' id='line_1_8' title="bbox 325 1241 1270 1326; baseline 0.006 -21"><span class='ocrx_word' id='word_1_36' title='bbox 325 1245 424 1324; x_wconf 80' lang='lat' dir='ltr'><strong>Atque</strong></span> <span class='ocrx_word' id='word_1_37' title='bbox 455 1243 533 1306; x_wconf 85' lang='lat' dir='ltr'><strong>baso</strong></span> <span class='ocrx_word' id='word_1_38' title='bbox 564 1245 628 1324; x_wconf 90' lang='lat' dir='ltr'><strong>ipsa</strong></span> <span class='ocrx_word' id='word_1_39' title='bbox 666 1241 750 1322; x_wconf 87' lang='lat' dir='ltr'><strong>Sooli</strong></span> <span class='ocrx_word' id='word_1_40' title='bbox 771 1241 864 1303; x_wconf 88' lang='lat' dir='ltr'><strong>verba</strong></span> <span class='ocrx_word' id='word_1_41' title='bbox 888 1243 975 1306; x_wconf 86' lang='lat' dir='ltr'><strong>etiarn</strong></span> <span class='ocrx_word' id='word_1_42' title='bbox 1003 1242 1073 1306; x_wconf 90' lang='lat' dir='ltr'><strong>iilud</strong></span> <span class='ocrx_word' id='word_1_43' title='bbox 1096 1246 1270 1326; x_wconf 87' lang='lat' dir='ltr'><strong>ostendunt,</strong></span> 
     </span>
     <span class='ocr_line' id='line_1_9' title="bbox 226 1343 1270 1427; baseline 0.005 -22"><span class='ocrx_word' id='word_1_44' title='bbox 226 1345 298 1425; x_wconf 92' lang='lat' dir='ltr'><strong>quid</strong></span> <span class='ocrx_word' id='word_1_45' title='bbox 316 1345 363 1406; x_wconf 83' lang='lat' dir='ltr'><strong>sit</strong></span> <span class='ocrx_word' id='word_1_46' title='bbox 395 1344 424 1405; x_wconf 92' lang='lat' dir='ltr'><strong>ei</strong></span> <span class='ocrx_word' id='word_1_47' title='bbox 445 1344 531 1424; x_wconf 91' lang='lat' dir='ltr'><strong>primi</strong></span> <span class='ocrx_word' id='word_1_48' title='bbox 566 1343 783 1418; x_wconf 87' lang='lat' dir='ltr'><strong>bominis‚-ut</strong></span> <span class='ocrx_word' id='word_1_49' title='bbox 816 1359 882 1404; x_wconf 88' lang='lat' dir='ltr'><strong>oum</strong></span> <span class='ocrx_word' id='word_1_50' title='bbox 919 1343 1068 1427; x_wconf 80' lang='lat' dir='ltr'><strong>theologis</strong></span> <span class='ocrx_word' id='word_1_51' title='bbox 1102 1346 1270 1427; x_wconf 89' lang='lat' dir='ltr'><strong>loquamur,</strong></span> 
     </span>
     <span class='ocr_line' id='line_1_10' title="bbox 222 1441 1272 1526; baseline 0.005 -20"><span class='ocrx_word' id='word_1_52' title='bbox 222 1443 456 1526; x_wconf 81' lang='lat' dir='ltr'><strong>praevaricatio.</strong></span> <span class='ocrx_word' id='word_1_53' title='bbox 509 1442 538 1505; x_wconf 93' lang='lat' dir='ltr'><strong>ls</strong></span> <span class='ocrx_word' id='word_1_54' title='bbox 569 1444 647 1504; x_wconf 90' lang='lat' dir='ltr'><strong>enim</strong></span> <span class='ocrx_word' id='word_1_55' title='bbox 671 1443 774 1523; x_wconf 85' lang='lat' dir='ltr'><strong>„primi</strong></span> <span class='ocrx_word' id='word_1_56' title='bbox 800 1441 929 1506; x_wconf 88' lang='lat' dir='ltr'><strong>hominis</strong></span> <span class='ocrx_word' id='word_1_57' title='bbox 953 1463 1042 1508; x_wconf 88' lang='lat' dir='ltr'><strong>casus</strong></span> <span class='ocrx_word' id='word_1_58' title='bbox 1061 1454 1092 1508; x_wconf 90' lang='lat' dir='ltr'><strong>et</strong></span> <span class='ocrx_word' id='word_1_59' title='bbox 1113 1449 1272 1526; x_wconf 48' lang='lat' dir='ltr'><strong>interitus?</strong></span> 
     </span>
     <span class='ocr_line' id='line_1_11' title="bbox 224 1543 1267 1629; baseline 0.011 -29"><span class='ocrx_word' id='word_1_60' title='bbox 224 1583 264 1600; x_wconf 89' lang='lat'><strong>..</strong></span> <span class='ocrx_word' id='word_1_61' title='bbox 287 1545 406 1622; x_wconf 86' lang='lat' dir='ltr'><strong>dieitur,</strong></span> <span class='ocrx_word' id='word_1_62' title='bbox 428 1544 507 1624; x_wconf 92' lang='lat' dir='ltr'><strong>quod</strong></span> <span class='ocrx_word' id='word_1_63' title='bbox 532 1590 547 1622; x_wconf 90' lang='lat'><strong>‚‚</strong></span> <span class='ocrx_word' id='word_1_64' title='bbox 570 1543 711 1605; x_wconf 87' lang='lat' dir='ltr'><strong>unitatem</strong></span> <span class='ocrx_word' id='word_1_65' title='bbox 738 1543 858 1605; x_wconf 78' lang='lat' dir='ltr'><strong>divinae</strong></span> <span class='ocrx_word' id='word_1_66' title='bbox 881 1551 1022 1608; x_wconf 57' lang='lat' dir='ltr'><strong>naturast&lt;</strong></span> <span class='ocrx_word' id='word_1_67' title='bbox 1050 1549 1267 1629; x_wconf 70' lang='lat' dir='ltr'><strong>(inquorum</strong></span> 
     </span>
     <span class='ocr_line' id='line_1_12' title="bbox 224 1644 1267 1727; baseline 0.002 -19"><span class='ocrx_word' id='word_1_68' title='bbox 224 1645 404 1726; x_wconf 86' lang='lat' dir='ltr'><strong>reliquarum</strong></span> <span class='ocrx_word' id='word_1_69' title='bbox 444 1661 542 1706; x_wconf 88' lang='lat' dir='ltr'><strong>rerum</strong></span> <span class='ocrx_word' id='word_1_70' title='bbox 592 1645 692 1705; x_wconf 86' lang='lat' dir='ltr'><strong>causis</strong></span> <span class='ocrx_word' id='word_1_71' title='bbox 724 1644 964 1722; x_wconf 83' lang='lat' dir='ltr'><strong>primordialibus</strong></span> <span class='ocrx_word' id='word_1_72' title='bbox 1010 1649 1157 1727; x_wconf 88' lang='lat' dir='ltr'><strong>propriam</strong></span> <span class='ocrx_word' id='word_1_73' title='bbox 1191 1666 1267 1710; x_wconf 90' lang='lat' dir='ltr'><strong>suae</strong></span> 
     </span>
     <span class='ocr_line' id='line_1_13' title="bbox 225 1744 1266 1832; baseline 0.003 -23"><span class='ocrx_word' id='word_1_74' title='bbox 225 1747 378 1828; x_wconf 78' lang='lat' dir='ltr'><strong>dignitatis</strong></span> <span class='ocrx_word' id='word_1_75' title='bbox 403 1751 491 1824; x_wconf 89' lang='lat' dir='ltr'><strong>atque</strong></span> <span class='ocrx_word' id='word_1_76' title='bbox 526 1745 677 1806; x_wconf 87' lang='lat' dir='ltr'><strong>essentiae</strong></span> <span class='ocrx_word' id='word_1_77' title='bbox 710 1744 814 1816; x_wconf 85' lang='lat' dir='ltr'><strong>sedem</strong></span> <span class='ocrx_word' id='word_1_78' title='bbox 847 1745 1000 1808; x_wconf 87' lang='lat' dir='ltr'><strong>obtinebat</strong></span> <span class='ocrx_word' id='word_1_79' title='bbox 1023 1745 1060 1832; x_wconf 88' lang='lat' dir='ltr'><strong>[l‚</strong></span> <span class='ocrx_word' id='word_1_80' title='bbox 1080 1747 1098 1810; x_wconf 86' lang='lat'><strong>7</strong></span> <span class='ocrx_word' id='word_1_81' title='bbox 1108 1769 1117 1824; x_wconf 95' lang='lat'>;</span> <span class='ocrx_word' id='word_1_82' title='bbox 1140 1747 1187 1823; x_wconf 82' lang='lat' dir='ltr'><strong>lv,</strong></span> <span class='ocrx_word' id='word_1_83' title='bbox 1209 1750 1266 1826; x_wconf 75' lang='lat'><strong>103</strong></span> 
     </span>
     <span class='ocr_line' id='line_1_14' title="bbox 222 1843 1266 1927; baseline 0 -17"><span class='ocrx_word' id='word_1_84' title='bbox 222 1847 260 1924; x_wconf 81' lang='lat' dir='ltr'><strong>ll,</strong></span> <span class='ocrx_word' id='word_1_85' title='bbox 281 1846 301 1909; x_wconf 85' lang='grc'>6</span> <span class='ocrx_word' id='word_1_86' title='bbox 323 1851 439 1927; x_wconf 83' lang='lat' dir='ltr'><strong>seqq.])</strong></span> <span class='ocrx_word' id='word_1_87' title='bbox 462 1843 662 1922; x_wconf 83' lang='lat' dir='ltr'><strong>„deseruerit‚</strong></span> <span class='ocrx_word' id='word_1_88' title='bbox 681 1849 769 1924; x_wconf 87' lang='lat' dir='ltr'><strong>atque</strong></span> <span class='ocrx_word' id='word_1_89' title='bbox 802 1845 841 1906; x_wconf 92' lang='lat' dir='ltr'><strong>ita</strong></span> <span class='ocrx_word' id='word_1_90' title='bbox 870 1844 907 1908; x_wconf 90' lang='lat' dir='ltr'><strong>da</strong></span> <span class='ocrx_word' id='word_1_91' title='bbox 934 1847 1055 1908; x_wconf 87' lang='lat' dir='ltr'><strong>summis</strong></span> <span class='ocrx_word' id='word_1_92' title='bbox 1076 1847 1114 1908; x_wconf 93' lang='lat' dir='ltr'><strong>ad</strong></span> <span class='ocrx_word' id='word_1_93' title='bbox 1135 1850 1204 1926; x_wconf 86' lang='lat' dir='ltr'><strong>ima,</strong></span> <span class='ocrx_word' id='word_1_94' title='bbox 1225 1846 1266 1911; x_wconf 89' lang='lat' dir='ltr'><strong>de</strong></span> 
     </span>
     <span class='ocr_line' id='line_1_15' title="bbox 223 1944 1264 2036; baseline 0 -26"><span class='ocrx_word' id='word_1_95' title='bbox 223 1949 356 2010; x_wconf 79' lang='lat' dir='ltr'><strong>aeternis</strong></span> <span class='ocrx_word' id='word_1_96' title='bbox 389 1945 428 2008; x_wconf 93' lang='lat' dir='ltr'><strong>ad</strong></span> <span class='ocrx_word' id='word_1_97' title='bbox 463 1944 655 2025; x_wconf 88' lang='lat' dir='ltr'><strong>temporalia“</strong></span> <span class='ocrx_word' id='word_1_98' title='bbox 688 1979 731 1992; x_wconf 90' lang='lat'><em>-</em></span> <span class='ocrx_word' id='word_1_99' title='bbox 760 1983 798 1996; x_wconf 92' lang='lat'>-</span> <span class='ocrx_word' id='word_1_100' title='bbox 833 1946 873 2006; x_wconf 87' lang='lat' dir='ltr'><strong>sit</strong></span> <span class='ocrx_word' id='word_1_101' title='bbox 907 1945 1114 2009; x_wconf 85' lang='lat' dir='ltr'><strong>deturbatusil</strong></span> <span class='ocrx_word' id='word_1_102' title='bbox 1137 1985 1175 1998; x_wconf 92' lang='lat'><em>-</em></span> <span class='ocrx_word' id='word_1_103' title='bbox 1199 1949 1264 2036; x_wconf 81' lang='lat' dir='ltr'><strong>lion</strong></span> 
     </span>
     <span class='ocr_line' id='line_1_16' title="bbox 223 2045 1264 2128; baseline -0.001 -17"><span class='ocrx_word' id='word_1_104' title='bbox 223 2054 320 2111; x_wconf 87' lang='lat' dir='ltr'><strong>autem</strong></span> <span class='ocrx_word' id='word_1_105' title='bbox 352 2049 480 2124; x_wconf 83' lang='lat' dir='ltr'><strong>Saulus,</strong></span> <span class='ocrx_word' id='word_1_106' title='bbox 515 2053 548 2109; x_wconf 93' lang='lat' dir='ltr'><strong>ut</strong></span> <span class='ocrx_word' id='word_1_107' title='bbox 577 2045 785 2126; x_wconf 87' lang='lat' dir='ltr'><strong>philosophiae</strong></span> <span class='ocrx_word' id='word_1_108' title='bbox 815 2045 908 2125; x_wconf 83' lang='lat' dir='ltr'><strong>ipsius</strong></span> <span class='ocrx_word' id='word_1_109' title='bbox 939 2049 1012 2109; x_wconf 92' lang='lat' dir='ltr'><strong>salis</strong></span> <span class='ocrx_word' id='word_1_110' title='bbox 1042 2049 1199 2128; x_wconf 86' lang='lat' dir='ltr'><strong>convenit,</strong></span> <span class='ocrx_word' id='word_1_111' title='bbox 1221 2051 1264 2111; x_wconf 90' lang='lat' dir='ltr'><strong>ita</strong></span> 
     </span>
     <span class='ocr_line' id='line_1_17' title="bbox 224 2144 957 2227; baseline -0.007 -17"><span class='ocrx_word' id='word_1_112' title='bbox 224 2149 314 2212; x_wconf 86' lang='lat' dir='ltr'><strong>eliam</strong></span> <span class='ocrx_word' id='word_1_113' title='bbox 336 2153 511 2210; x_wconf 80' lang='lat' dir='ltr'><strong>constanter</strong></span> <span class='ocrx_word' id='word_1_114' title='bbox 531 2145 630 2208; x_wconf 89' lang='lat' dir='ltr'><strong>docet.</strong></span> <span class='ocrx_word' id='word_1_115' title='bbox 655 2144 717 2222; x_wconf 82' lang='lat' dir='ltr'><strong>(Gt.</strong></span> <span class='ocrx_word' id='word_1_116' title='bbox 739 2152 769 2220; x_wconf 76' lang='lat'><strong>§-</strong></span> <span class='ocrx_word' id='word_1_117' title='bbox 792 2144 833 2207; x_wconf 79' lang='lat'><strong>50</strong></span> <span class='ocrx_word' id='word_1_118' title='bbox 854 2152 957 2227; x_wconf 81' lang='lat' dir='ltr'><strong>seqq.)</strong></span> 
     </span>
    </p>
   </div>
   <div class='ocr_carea' id='block_1_5' title="bbox 678 2291 781 2391">
    <p class='ocr_par' dir='ltr' id='par_1_5' title="bbox 678 2291 781 2391">
     <span class='ocr_line' id='line_1_18' title="bbox 678 2291 781 2391; baseline -0.01 -13"><span class='ocrx_word' id='word_1_119' title='bbox 678 2291 708 2391; x_wconf 69' lang='lat' dir='ltr'><strong>a.</strong></span> <span class='ocrx_word' id='word_1_120' title='bbox 731 2315 781 2378; x_wconf 80' lang='lat' dir='ltr'><strong>uo.</strong></span> 
     </span>
    </p>
   </div>
   <div class='ocr_carea' id='block_1_6' title="bbox 219 2484 1264 2769">
    <p class='ocr_par' dir='ltr' id='par_1_6' title="bbox 219 2484 1264 2769">
     <span class='ocr_line' id='line_1_19' title="bbox 320 2484 1261 2567; baseline 0 -19"><span class='ocrx_word' id='word_1_121' title='bbox 320 2487 449 2567; x_wconf 81' lang='lat' dir='ltr'><strong>„Primus</strong></span> <span class='ocrx_word' id='word_1_122' title='bbox 470 2485 560 2548; x_wconf 90' lang='lat' dir='ltr'><strong>homo</strong></span> <span class='ocrx_word' id='word_1_123' title='bbox 582 2485 821 2566; x_wconf 85' lang='lat' dir='ltr'><strong>praevaricando</strong></span> <span class='ocrx_word' id='word_1_124' title='bbox 845 2484 923 2548; x_wconf 90' lang='lat' dir='ltr'><strong>iilam</strong></span> <span class='ocrx_word' id='word_1_125' title='bbox 945 2485 1129 2566; x_wconf 83' lang='lat' dir='ltr'><strong>dignitatem,</strong></span> <span class='ocrx_word' id='word_1_126' title='bbox 1152 2487 1261 2567; x_wconf 91' lang='lat' dir='ltr'><strong>quain</strong></span> 
     </span>
     <span class='ocr_line' id='line_1_20' title="bbox 220 2586 1264 2669; baseline 0 -21"><span class='ocrx_word' id='word_1_127' title='bbox 220 2586 461 2669; x_wconf 88' lang='lat' dir='ltr'><strong>primordialibus</strong></span> <span class='ocrx_word' id='word_1_128' title='bbox 483 2587 582 2648; x_wconf 90' lang='lat' dir='ltr'><strong>causis</strong></span> <span class='ocrx_word' id='word_1_129' title='bbox 605 2593 727 2649; x_wconf 89' lang='lat' dir='ltr'><strong>ornatus</strong></span> <span class='ocrx_word' id='word_1_130' title='bbox 749 2592 824 2663; x_wconf 89' lang='lat' dir='ltr'><strong>erat,</strong></span> <span class='ocrx_word' id='word_1_131' title='bbox 849 2587 991 2648; x_wconf 86' lang='lat' dir='ltr'><strong>deseruit.</strong></span> <span class='ocrx_word' id='word_1_132' title='bbox 1041 2587 1117 2649; x_wconf 86' lang='lat' dir='ltr'><strong>ilino</strong></span> <span class='ocrx_word' id='word_1_133' title='bbox 1139 2590 1176 2650; x_wconf 87' lang='lat' dir='ltr'><strong>ab</strong></span> <span class='ocrx_word' id='word_1_134' title='bbox 1203 2605 1264 2649; x_wconf 88' lang='lat' dir='ltr'><strong>an-</strong></span> 
     </span>
     <span class='ocr_line' id='line_1_21' title="bbox 219 2685 1263 2769; baseline -0.001 -21"><span class='ocrx_word' id='word_1_135' title='bbox 219 2685 317 2769; x_wconf 79' lang='lat' dir='ltr'><strong>gelica</strong></span> <span class='ocrx_word' id='word_1_136' title='bbox 342 2687 379 2748; x_wconf 89' lang='lat' dir='ltr'><strong>ad</strong></span> <span class='ocrx_word' id='word_1_137' title='bbox 410 2689 582 2766; x_wconf 86' lang='lat' dir='ltr'><strong>pecorinam</strong></span> <span class='ocrx_word' id='word_1_138' title='bbox 613 2703 675 2749; x_wconf 91' lang='lat' dir='ltr'><strong>non</strong></span> <span class='ocrx_word' id='word_1_139' title='bbox 696 2686 791 2749; x_wconf 91' lang='lat' dir='ltr'><strong>solum</strong></span> <span class='ocrx_word' id='word_1_140' title='bbox 815 2689 977 2766; x_wconf 88' lang='lat' dir='ltr'><strong>essentiae,</strong></span> <span class='ocrx_word' id='word_1_141' title='bbox 998 2687 1161 2748; x_wconf 87' lang='lat' dir='ltr'><strong>sedetiam</strong></span> <span class='ocrx_word' id='word_1_142' title='bbox 1182 2685 1263 2749; x_wconf 91' lang='lat' dir='ltr'><strong>rnul-</strong></span> 
     </span>
    </p>
   </div>
   <div class='ocr_carea' id='block_1_7' title="bbox 121 2785 1261 2868">
    <p class='ocr_par' dir='ltr' id='par_1_7' title="bbox 121 2785 1261 2868">
     <span class='ocr_line' id='line_1_22' title="bbox 121 2785 1261 2868; baseline 0.002 -19"><span class='ocrx_word' id='word_1_143' title='bbox 121 2817 122 2820; x_wconf 36' lang='lat'>¹</span> <span class='ocrx_word' id='word_1_144' title='bbox 219 2786 411 2868; x_wconf 88' lang='lat' dir='ltr'><strong>liplioationls</strong></span> <span class='ocrx_word' id='word_1_145' title='bbox 443 2788 590 2850; x_wconf 88' lang='lat' dir='ltr'><strong>rationem</strong></span> <span class='ocrx_word' id='word_1_146' title='bbox 620 2789 740 2850; x_wconf 82' lang='lat' dir='ltr'><strong>corruit</strong></span> <span class='ocrx_word' id='word_1_147' title='bbox 796 2787 859 2848; x_wconf 90' lang='lat' dir='ltr'><strong>llao</strong></span> <span class='ocrx_word' id='word_1_148' title='bbox 892 2787 971 2848; x_wconf 89' lang='lat' dir='ltr'><strong>enim</strong></span> <span class='ocrx_word' id='word_1_149' title='bbox 996 2785 1033 2847; x_wconf 85' lang='lat' dir='ltr'><strong>de</strong></span> <span class='ocrx_word' id='word_1_150' title='bbox 1058 2804 1148 2848; x_wconf 87' lang='lat' dir='ltr'><strong>causa</strong></span> <span class='ocrx_word' id='word_1_151' title='bbox 1171 2789 1261 2851; x_wconf 90' lang='lat' dir='ltr'><strong>etiam</strong></span> 
     </span>
    </p>
   </div>
   <div class='ocr_carea' id='block_1_8' title="bbox 163 2887 1261 3767">
    <p class='ocr_par' dir='ltr' id='par_1_8' title="bbox 163 2887 1261 3767">
     <span class='ocr_line' id='line_1_23' title="bbox 218 2887 1261 2968; baseline -0.005 -18"><span class='ocrx_word' id='word_1_152' title='bbox 218 2890 248 2950; x_wconf 91' lang='lat' dir='ltr'><strong>in</strong></span> <span class='ocrx_word' id='word_1_153' title='bbox 269 2887 431 2951; x_wconf 82' lang='lat' dir='ltr'><strong>masculum</strong></span> <span class='ocrx_word' id='word_1_154' title='bbox 453 2895 484 2950; x_wconf 92' lang='lat' dir='ltr'><strong>et</strong></span> <span class='ocrx_word' id='word_1_155' title='bbox 505 2887 644 2950; x_wconf 83' lang='lat' dir='ltr'><strong>seminam</strong></span> <span class='ocrx_word' id='word_1_156' title='bbox 667 2888 780 2950; x_wconf 88' lang='lat' dir='ltr'><strong>diuisus</strong></span> <span class='ocrx_word' id='word_1_157' title='bbox 803 2893 858 2964; x_wconf 90' lang='lat' dir='ltr'><strong>est,</strong></span> <span class='ocrx_word' id='word_1_158' title='bbox 879 2905 967 2968; x_wconf 89' lang='lat' dir='ltr'><strong>quum</strong></span> <span class='ocrx_word' id='word_1_159' title='bbox 990 2893 1087 2963; x_wconf 89' lang='lat' dir='ltr'><strong>antea,</strong></span> <span class='ocrx_word' id='word_1_160' title='bbox 1106 2888 1137 2949; x_wconf 91' lang='lat' dir='ltr'><strong>in</strong></span> <span class='ocrx_word' id='word_1_161' title='bbox 1157 2895 1261 2949; x_wconf 88' lang='lat' dir='ltr'><strong>aeter.</strong></span> 
     </span>
     <span class='ocr_line' id='line_1_24' title="bbox 218 2986 1259 3066; baseline -0.004 -14"><span class='ocrx_word' id='word_1_162' title='bbox 218 2991 265 3052; x_wconf 88' lang='lat' dir='ltr'><strong>nis</strong></span> <span class='ocrx_word' id='word_1_163' title='bbox 287 2991 349 3052; x_wconf 91' lang='lat' dir='ltr'><strong>suis</strong></span> <span class='ocrx_word' id='word_1_164' title='bbox 385 2988 562 3064; x_wconf 87' lang='lat' dir='ltr'><strong>rationibus,</strong></span> <span class='ocrx_word' id='word_1_165' title='bbox 597 3006 657 3049; x_wconf 92' lang='lat' dir='ltr'><strong>non</strong></span> <span class='ocrx_word' id='word_1_166' title='bbox 690 2987 818 3050; x_wconf 89' lang='lat' dir='ltr'><strong>haberet</strong></span> <span class='ocrx_word' id='word_1_167' title='bbox 851 2987 1029 3048; x_wconf 84' lang='lat' dir='ltr'><strong>divisionem</strong></span> <span class='ocrx_word' id='word_1_168' title='bbox 1047 3005 1181 3066; x_wconf 86' lang='lat' dir='ltr'><strong>sexuum,</strong></span> <span class='ocrx_word' id='word_1_169' title='bbox 1202 2986 1259 3048; x_wconf 86' lang='lat' dir='ltr'><strong>sed</strong></span> 
     </span>
     <span class='ocr_line' id='line_1_25' title="bbox 218 3085 1260 3170; baseline -0.006 -16"><span class='ocrx_word' id='word_1_170' title='bbox 218 3090 392 3170; x_wconf 87' lang='lat' dir='ltr'><strong>simpliciter</strong></span> <span class='ocrx_word' id='word_1_171' title='bbox 427 3088 518 3151; x_wconf 91' lang='lat' dir='ltr'><strong>bomo</strong></span> <span class='ocrx_word' id='word_1_172' title='bbox 552 3095 641 3150; x_wconf 91' lang='lat' dir='ltr'><strong>esset.</strong></span> <span class='ocrx_word' id='word_1_173' title='bbox 693 3087 860 3166; x_wconf 85' lang='lat' dir='ltr'><strong>iterumque</strong></span> <span class='ocrx_word' id='word_1_174' title='bbox 882 3093 950 3166; x_wconf 94' lang='lat' dir='ltr'><strong>post</strong></span> <span class='ocrx_word' id='word_1_175' title='bbox 970 3085 1167 3148; x_wconf 85' lang='lat' dir='ltr'><strong>universalem</strong></span> <span class='ocrx_word' id='word_1_176' title='bbox 1190 3104 1260 3149; x_wconf 88' lang='lat' dir='ltr'><strong>om-</strong></span> 
     </span>
     <span class='ocr_line' id='line_1_26' title="bbox 218 3182 1258 3269; baseline -0.002 -19"><span class='ocrx_word' id='word_1_177' title='bbox 218 3191 298 3250; x_wconf 90' lang='lat' dir='ltr'><strong>nium</strong></span> <span class='ocrx_word' id='word_1_178' title='bbox 320 3205 478 3269; x_wconf 88' lang='lat' dir='ltr'><strong>corporum</strong></span> <span class='ocrx_word' id='word_1_179' title='bbox 513 3188 787 3265; x_wconf 87' lang='lat' dir='ltr'><strong>resurrectionem,</strong></span> <span class='ocrx_word' id='word_1_180' title='bbox 811 3182 886 3268; x_wconf 85' lang='lat' dir='ltr'><strong>quae</strong></span> <span class='ocrx_word' id='word_1_181' title='bbox 910 3190 938 3248; x_wconf 91' lang='lat' dir='ltr'><strong>in</strong></span> <span class='ocrx_word' id='word_1_182' title='bbox 960 3186 1019 3247; x_wconf 87' lang='lat' dir='ltr'><strong>fine</strong></span> <span class='ocrx_word' id='word_1_183' title='bbox 1037 3185 1137 3248; x_wconf 89' lang='lat' dir='ltr'><strong>mundi</strong></span> <span class='ocrx_word' id='word_1_184' title='bbox 1162 3187 1258 3248; x_wconf 88' lang='lat' dir='ltr'><strong>lutura</strong></span> 
     </span>
     <span class='ocr_line' id='line_1_27' title="bbox 219 3285 1258 3366; baseline -0.002 -16"><span class='ocrx_word' id='word_1_185' title='bbox 219 3288 347 3366; x_wconf 88' lang='lat' dir='ltr'><strong>dicitur,</strong></span> <span class='ocrx_word' id='word_1_186' title='bbox 379 3287 456 3350; x_wconf 83' lang='lat' dir='ltr'><strong>baec</strong></span> <span class='ocrx_word' id='word_1_187' title='bbox 491 3305 613 3352; x_wconf 84' lang='lat' dir='ltr'><strong>sexuum</strong></span> <span class='ocrx_word' id='word_1_188' title='bbox 645 3287 755 3349; x_wconf 82' lang='lat' dir='ltr'><strong>divisio</strong></span> <span class='ocrx_word' id='word_1_189' title='bbox 783 3303 844 3348; x_wconf 93' lang='lat' dir='ltr'><strong>non</strong></span> <span class='ocrx_word' id='word_1_190' title='bbox 876 3285 1000 3366; x_wconf 88' lang='lat' dir='ltr'><strong>amplius</strong></span> <span class='ocrx_word' id='word_1_191' title='bbox 1029 3286 1095 3348; x_wconf 90' lang='lat' dir='ltr'><strong>erit.</strong></span> <span class='ocrx_word' id='word_1_192' title='bbox 1117 3321 1157 3335; x_wconf 90' lang='lat'><strong>·-</strong></span> <span class='ocrx_word' id='word_1_193' title='bbox 1179 3285 1258 3348; x_wconf 85' lang='lat' dir='ltr'><strong>Telis</strong></span> 
     </span>
     <span class='ocr_line' id='line_1_28' title="bbox 218 3387 1257 3467; baseline -0.004 -16"><span class='ocrx_word' id='word_1_194' title='bbox 218 3389 341 3451; x_wconf 86' lang='lat' dir='ltr'><strong>masculi</strong></span> <span class='ocrx_word' id='word_1_195' title='bbox 370 3395 401 3451; x_wconf 89' lang='lat' dir='ltr'><strong>et</strong></span> <span class='ocrx_word' id='word_1_196' title='bbox 432 3391 562 3451; x_wconf 80' lang='lat' dir='ltr'><strong>luminae</strong></span> <span class='ocrx_word' id='word_1_197' title='bbox 595 3387 737 3451; x_wconf 89' lang='lat' dir='ltr'><strong>adunatio</strong></span> <span class='ocrx_word' id='word_1_198' title='bbox 770 3389 799 3451; x_wconf 91' lang='lat' dir='ltr'><strong>in</strong></span> <span class='ocrx_word' id='word_1_199' title='bbox 834 3388 990 3452; x_wconf 78' lang='lat' dir='ltr'><strong>salvatore</strong></span> <span class='ocrx_word' id='word_1_200' title='bbox 1023 3393 1128 3449; x_wconf 89' lang='lat' dir='ltr'><strong>nostro</strong></span> <span class='ocrx_word' id='word_1_201' title='bbox 1169 3402 1257 3467; x_wconf 91' lang='lat' dir='ltr'><strong>quum</strong></span> 
     </span>
     <span class='ocr_line' id='line_1_29' title="bbox 218 3487 1258 3570; baseline 0 -20"><span class='ocrx_word' id='word_1_202' title='bbox 218 3495 408 3570; x_wconf 84' lang='lat' dir='ltr'><strong>resurgeret,</strong></span> <span class='ocrx_word' id='word_1_203' title='bbox 440 3489 562 3570; x_wconf 84' lang='lat' dir='ltr'><strong>primurn</strong></span> <span class='ocrx_word' id='word_1_204' title='bbox 587 3495 633 3550; x_wconf 89' lang='lat' dir='ltr'><strong>est</strong></span> <span class='ocrx_word' id='word_1_205' title='bbox 658 3489 755 3550; x_wconf 65' lang='lat' dir='ltr'><strong>lactas</strong></span> <span class='ocrx_word' id='word_1_206' title='bbox 784 3487 813 3549; x_wconf 93' lang='lat' dir='ltr'><strong>in</strong></span> <span class='ocrx_word' id='word_1_207' title='bbox 836 3505 874 3550; x_wconf 89' lang='lat' dir='ltr'><strong>eo</strong></span> <span class='ocrx_word' id='word_1_208' title='bbox 897 3489 988 3566; x_wconf 87' lang='lat' dir='ltr'><strong>enim,</strong></span> <span class='ocrx_word' id='word_1_209' title='bbox 1008 3493 1040 3549; x_wconf 89' lang='lat' dir='ltr'><strong>ut</strong></span> <span class='ocrx_word' id='word_1_210' title='bbox 1062 3489 1103 3548; x_wconf 87' lang='lat' dir='ltr'><strong>ait</strong></span> <span class='ocrx_word' id='word_1_211' title='bbox 1121 3487 1258 3568; x_wconf 78' lang='lat' dir='ltr'><strong>Aposto-</strong></span> 
     </span>
     <span class='ocr_line' id='line_1_30' title="bbox 163 3585 1258 3670; baseline -0.002 -20"><span class='ocrx_word' id='word_1_212' title='bbox 163 3601 167 3612; x_wconf 76' lang='lat'><em>&#39;</em></span> <span class='ocrx_word' id='word_1_213' title='bbox 217 3587 274 3665; x_wconf 86' lang='lat' dir='ltr'><strong>lus,</strong></span> <span class='ocrx_word' id='word_1_214' title='bbox 297 3603 356 3648; x_wconf 93' lang='lat' dir='ltr'><strong>non</strong></span> <span class='ocrx_word' id='word_1_215' title='bbox 378 3593 425 3648; x_wconf 91' lang='lat' dir='ltr'><strong>est</strong></span> <span class='ocrx_word' id='word_1_216' title='bbox 443 3588 592 3651; x_wconf 87' lang='lat' dir='ltr'><strong>masculus</strong></span> <span class='ocrx_word' id='word_1_217' title='bbox 614 3604 712 3670; x_wconf 90' lang='lat' dir='ltr'><strong>neque</strong></span> <span class='ocrx_word' id='word_1_218' title='bbox 727 3586 864 3650; x_wconf 58' lang='lat' dir='ltr'><strong>laminas</strong></span> <span class='ocrx_word' id='word_1_219' title='bbox 908 3586 960 3666; x_wconf 83' lang='grc' dir='ltr'>(ΙΙ,</span> <span class='ocrx_word' id='word_1_220' title='bbox 981 3586 1001 3650; x_wconf 87' lang='grc'><strong>6</strong></span> <span class='ocrx_word' id='word_1_221' title='bbox 1023 3603 1107 3669; x_wconf 86' lang='lat' dir='ltr'><strong>seqq.</strong></span> <span class='ocrx_word' id='word_1_222' title='bbox 1128 3607 1185 3666; x_wconf 82' lang='lat'><strong>-3</strong></span> <span class='ocrx_word' id='word_1_223' title='bbox 1208 3585 1258 3665; x_wconf 81' lang='lat' dir='ltr'><strong>iv,</strong></span> 
     </span>
     <span class='ocr_line' id='line_1_31' title="bbox 218 3685 415 3767; baseline 0 -19"><span class='ocrx_word' id='word_1_224' title='bbox 218 3685 249 3767; x_wconf 83' lang='lat'><strong>9,</strong></span> <span class='ocrx_word' id='word_1_225' title='bbox 276 3687 323 3765; x_wconf 81' lang='lat' dir='ltr'><strong>lu,</strong></span> <span class='ocrx_word' id='word_1_226' title='bbox 348 3687 415 3764; x_wconf 83' lang='lat' dir='ltr'><strong>lb.)</strong></span> 
     </span>
    </p>
   </div>
   <div class='ocr_carea' id='block_1_9' title="bbox 681 3873 786 3959">
    <p class='ocr_par' dir='ltr' id='par_1_9' title="bbox 681 3873 786 3959">
     <span class='ocr_line' id='line_1_32' title="bbox 681 3873 786 3959; baseline 0.019 -25"><span class='ocrx_word' id='word_1_227' title='bbox 681 3875 713 3959; x_wconf 75' lang='lat' dir='ltr'><strong>q.</strong></span> <span class='ocrx_word' id='word_1_228' title='bbox 736 3873 786 3936; x_wconf 82' lang='lat' dir='ltr'><strong>su.</strong></span> 
     </span>
    </p>
   </div>
   <div class='ocr_carea' id='block_1_10' title="bbox 313 4023 1255 4110">
    <p class='ocr_par' dir='ltr' id='par_1_10' title="bbox 313 4023 1255 4110">
     <span class='ocr_line' id='line_1_33' title="bbox 313 4023 1255 4110; baseline -0.002 -18"><span class='ocrx_word' id='word_1_229' title='bbox 313 4026 427 4106; x_wconf 78' lang='lat' dir='ltr'><strong>„Homo</strong></span> <span class='ocrx_word' id='word_1_230' title='bbox 456 4025 537 4106; x_wconf 90' lang='lat' dir='ltr'><strong>prius</strong></span> <span class='ocrx_word' id='word_1_231' title='bbox 568 4027 599 4089; x_wconf 89' lang='lat' dir='ltr'><strong>iu</strong></span> <span class='ocrx_word' id='word_1_232' title='bbox 621 4043 656 4090; x_wconf 90' lang='lat' dir='ltr'><strong>so</strong></span> <span class='ocrx_word' id='word_1_233' title='bbox 686 4027 753 4108; x_wconf 92' lang='lat' dir='ltr'><strong>ipso</strong></span> <span class='ocrx_word' id='word_1_234' title='bbox 783 4023 883 4108; x_wconf 87' lang='lat' dir='ltr'><strong>lapsus</strong></span> <span class='ocrx_word' id='word_1_235' title='bbox 905 4031 961 4108; x_wconf 85' lang='lat' dir='ltr'><strong>est,</strong></span> <span class='ocrx_word' id='word_1_236' title='bbox 983 4044 1071 4110; x_wconf 92' lang='lat' dir='ltr'><strong>quum</strong></span> <span class='ocrx_word' id='word_1_237' title='bbox 1091 4045 1110 4090; x_wconf 85' lang='lat' dir='ltr'><strong>a</strong></span> <span class='ocrx_word' id='word_1_238' title='bbox 1134 4023 1255 4090; x_wconf 89' lang='lat' dir='ltr'><strong>diabolo</strong></span> 
     </span>
    </p>
   </div>
   <div class='ocr_carea' id='block_1_11' title="bbox 0 0 1472 4710">
    <p class='ocr_par' dir='ltr' id='par_1_11' title="bbox 0 0 1472 4710">
     <span class='ocr_line' id='line_1_34' title="bbox 0 0 1472 4710; baseline 0 4"><span class='ocrx_word' id='word_1_239' title='bbox 0 0 1472 4710; x_wconf 95' lang='lat' dir='ltr'><strong> </strong></span> 
     </span>
    </p>
   </div>
  </div>
 </body>
</html>
