2934 4710
1147 367 1187 436 97

148 540 201 602 dei
240 539 397 620 unigenito
430 539 615 618 continetur,
645 555 749 604 venun
772 541 860 604 etiam
881 543 1014 608 eiusdem
1037 563 1104 610 oum
1124 546 1189 627 ipso

149 647 200 702 cst
234 639 432 702 substantiae.
486 639 583 702 Potuit
610 640 702 720 igitur
728 641 837 706 Scelus
867 645 933 708 iure
962 644 1193 725 quodammodo,

148 755 230 819 quae
266 740 447 802 Goerresios
481 738 572 819 dicit,
606 756 662 820 pro
701 740 910 822 philosophiae
939 760 1014 809 suae
1050 745 1192 825 decretis,

148 857 261 902 reuera
284 837 408 902 docere.

239 939 342 1018 ltaque
370 939 479 1002 lactum
518 945 580 1016 est,
611 944 643 1001 ut
675 939 873 1002 contenderet
901 939 964 1020 (lll,
1001 943 1060 1022 9.),
1081 945 1192 1024 ,ipsum

150 1038 284 1100 Verbum
317 1039 355 1118 lli.
388 1057 417 1102 e.
444 1039 535 1102 lilium
571 1039 631 1116 dei)
662 1047 692 1101 ct
713 1038 902 1120 multiplicem
931 1043 1020 1104 totius
1053 1044 1194 1109 conditae

149 1141 356 1201 universitatis
384 1140 529 1201 rationem
550 1139 825 1219 principalissimam
847 1139 885 1218 (lr.
901 1158 928 1202 e.
942 1141 1082 1205 Naturam
1104 1161 1196 1205 crea·
1309 1191 1312 1198 ,

154 1247 214 1300 lam
251 1246 420 1314 creantem)
447 1257 517 1301 esse
550 1257 640 1301 unum
676 1247 706 1302 et
734 1241 765 1303 ld
785 1243 907 1321 ipsum.“
948 1243 1046 1323 Atque
1065 1251 1121 1320 est,
1145 1245 1195 1304 nbi

150 1348 270 1402 aratore
292 1343 382 1402 etiarn
404 1341 473 1402 nisu
492 1358 555 1401 rem
576 1329 717 1421 gesserit.
740 1341 877 1402 Allirmat
891 1343 969 1403 eninr
992 1341 1196 1423 (lituu-ur.)

157 1440 414 1502 confidentissime
436 1442 526 1504 etiarn
547 1441 623 1502 hoc:
647 1441 753 1519 ,lilium
776 1441 842 1503 deit
864 1449 934 1521 (aon
955 1444 1101 1524 genitum,
1122 1447 1194 1522 scd)

154 1527 327 1619 „creatum
348 1544 379 1604 in
402 1548 604 1604 creaturarum
624 1559 749 1604 numero
770 1541 909 1605 factum.“
931 1579 972 1592 -

242 1641 351 1704 Verum
383 1644 556 1719 enimvero,
586 1658 652 1704 curn
676 1641 750 1704 alias
769 1643 842 1705 salis
863 1649 1038 1706 constanter
1059 1644 1198 1708 docean-

157 1747 210 1804 tur
230 1759 284 1820 ca,
316 1759 393 1822 quae
413 1760 503 1823 supra
526 1742 750 1823 explicavimus,
774 1761 872 1825 neque
894 1761 1068 1826 quemquam
1092 1745 1198 1827 lugere

150 1844 274 1922 possit,
307 1844 428 1907 Scotum
451 1843 498 1906 his
518 1844 594 1907 locis
617 1844 677 1924 (lll,
700 1846 720 1907 9
741 1852 773 1906 et
792 1845 955 1927 praecipue
974 1845 1024 1924 ltl,
1048 1847 1196 1922 10-11.)

152 1941 242 2004 aliam
263 1945 413 2025 quandam
442 1961 506 2005 rear
539 1943 686 2023 probandi
716 1940 815 2006 studio
838 1945 933 2006 luisse
955 1945 1117 2025 abreptum,
1139 1963 1197 2008 nos

151 2043 273 2128 quidem
305 2042 376 2120 illa,
397 2043 486 2106 lilium
515 2043 581 2122 ,dei
613 2061 679 2106 cum
699 2045 810 2108 Natura
834 2049 935 2106 creata
957 2051 1082 2107 creante
1101 2063 1192 2106 unum

149 2162 225 2208 csse
245 2150 275 2205 et
297 2142 329 2205 itl
353 2143 475 2223 ipsum,“
495 2179 537 2192 -
557 2143 664 2221 ,filiurn
690 2143 738 2205 dei
760 2159 830 2204 csse
852 2148 1020 2223 creatum‚“
1042 2161 1104 2206 aon
1126 2160 1196 2206 om-

149 2247 226 2308 uino
249 2243 287 2306 ad
309 2243 412 2306 'uirum
433 2243 637 2306 existimamus
659 2243 846 2328 resecanda.¹

627 2387 656 2456 a.
677 2377 727 2440 ar.

242 2493 275 2556 C.
319 2493 461 2556 Venimus
480 2511 559 2556 nunc
583 2493 622 2555 ad
651 2493 782 2575 „tertiam
803 2493 932 2557 Naturae
954 2491 1096 2572 speciem,
1117 2469 1203 2572 quae'

149 2599 285 2670 creatur,
308 2600 339 2655 el
359 2611 420 2655 non
443 2601 556 2657 creat.“
577 2633 616 2646 -

240 2694 341 2772 ,llaec
372 2695 492 2774 species
511 2695 541 2756 in
566 2695 603 2756 iis
625 2691 715 2757 rebus
737 2691 924 2774 intelligitur,
945 2708 1022 2774 quae
1043 2692 1073 2754 in
1093 2708 1193 2774 gene-

148 2794 270 2856 ratione
298 2794 540 2875 temporibusque
572 2812 608 2856 ao
636 2793 712 2856 locis
735 2800 960 2874 cognoscuntur
979 2793 1009 2855 lr.
1031 2810 1059 2854 c.
1082 2793 1112 2853 in
1128 2794 1192 2872 pri-

147 2893 339 2960 mordialium
362 2911 518 2956 causarum
540 2892 696 2956 ellectibus
719 2893 888 2954 extremis.“
912 2892 946 2973 (l,
970 2893 1007 2970 13
1027 2890 1075 2971 lv,
1096 2893 1134 2972 1.)

619 3048 651 3117 ς.
674 3041 724 3104 32.

240 3155 356 3219 Causae
379 3156 472 3237 igitar
493 3157 718 3237 primordiales,
740 3175 839 3220 rorum
862 3155 1003 3234 omniurn,
1028 3171 1105 3237 quae
1127 3153 1191 3216 Na-

148 3263 216 3318 tura
240 3265 341 3319 cicala
367 3276 427 3319 aon
448 3266 569 3321 creante
595 3260 896 3340 comprehenduntur,
918 3259 1053 3338 cxcrnpla
1073 3259 1190 3337 princi-

147 3357 248 3438 palia,
284 3375 359 3438 quas
392 3359 466 3422 deos
499 3378 594 3442 usque
625 3363 662 3422 alr
693 3363 773 3423 omni
804 3350 980 3423 aeternitate
1001 3361 1032 3421 in
1052 3358 1113 3421 silio
1134 3376 1190 3419 suo

149 3457 353 3537 condiderat,
387 3475 507 3540 semper
538 3463 568 3522 in
601 3459 708 3523 eodem
741 3462 894 3544 unigenito
925 3460 974 3522 dci
996 3459 1056 3522 ulto
1078 3458 1191 3521 substi-

146 3561 257 3618 terunt.
279 3567 321 3633 (§.
347 3558 490 3637 act-303
512 3559 561 3636 lll,
583 3561 692 3637 8-9.)
744 3563 835 3642 „Dum
866 3567 963 3623 aulem
988 3563 1018 3623 in
1042 3562 1189 3642 principio

147 3657 293 3734 omniurn,
318 3661 347 3719 in
383 3660 477 3722 verbo
507 3661 555 3722 dci
576 3661 750 3742 unigenito,
781 3663 955 3725 substitutae
976 3661 1189 3742 intelliguntur,

145 3772 238 3818 unum
263 3764 332 3818 suat
363 3765 393 3820 et
422 3759 591 3840 simplices,
610 3761 750 3843 nulloque
776 3763 897 3843 cognito
919 3763 1025 3826 ordine
1048 3762 1187 3826 delinitae

146 3860 201 3916 aul
221 3864 410 3936 segregatae.
471 3860 536 3923 lloc
571 3862 602 3922 in
632 3861 786 3926 effectibus
817 3864 879 3925 suis
911 3864 1068 3944 patiuntur.
1111 3865 1187 3933 Dum

145 3954 229 4014 cuim
253 3955 282 4015 in
304 3953 429 4020 effectus
449 3975 538 4038 suos,
564 3961 591 4021 in
614 3961 755 4024 infinitum
776 3962 996 4042 multiplicatos,
1015 3962 1189 4044 procedant

143 4055 215 4117 sive
250 4055 413 4138 prolluuat,
436 4077 625 4126 numerosam
645 4063 870 4144 ordinatamque
901 4065 947 4127 sui
986 4061 1180 4143 pluralitatem
