2938 4716
1120 372 1238 452 or¹

847 477 857 512 b

130 571 188 615 con
206 571 245 616 eo
268 553 425 628 vixerunt,
458 569 516 616 neo
548 571 565 614 a
598 560 694 615 semet
722 555 788 632 ipso
819 551 982 632 appellatos
1002 554 1162 636 iuvenitur,

130 655 179 715 nisi
200 655 415 736 „Scotigena“‚
445 653 569 731 „scotus
590 654 667 731 iiie⁴¹,
698 657 865 730 „exiremus
888 653 1014 733 sophiae
1035 655 1162 717 studen-

130 754 208 815 iiom“
231 791 270 802 -
294 761 325 814 et
343 771 420 834 quae
443 761 511 815 sunt
532 755 654 835 generis
677 753 822 819 eiusdem.
846 787 882 802 -

200 851 284 915 Haud
308 852 397 914 facite
421 853 652 930 crediderimus,
688 855 766 916 inter
786 853 944 926 homines,
973 853 1068 935 quaiis
1091 853 1162 916 Eri-

126 967 196 1031 gene
220 953 283 1029 inii,
316 971 490 1034 quemquam
511 955 671 1030 exstitisse,
707 953 744 1014 de
765 971 824 1034 quo
845 955 959 1014 maiore
982 961 1163 1016 controver-

126 1053 226 1114 siarum
247 1052 430 1116 multitudine
455 1054 492 1116 ab
514 1053 665 1116 historicis
689 1057 831 1134 agitatum
852 1056 899 1115 sit
922 1053 1035 1133 ltaque,
1057 1071 1164 1135 quarm

127 1152 167 1212 ris
186 1171 324 1234 magnum
347 1173 447 1216 earum
471 1156 701 1216 numerantium
725 1154 938 1235 adoperimus,
972 1173 1031 1218 una
1063 1161 1161 1218 tamen

126 1259 168 1312 est
186 1252 309 1334 reliqua.
332 1292 374 1304 -
395 1255 522 1318 Narrant
552 1257 665 1331 (onim)
693 1256 829 1335 permuiti
862 1263 1020 1333 auctores,
1056 1263 1161 1318 cantra

126 1352 196 1430 qnod
217 1354 305 1414 nobis
326 1357 356 1414 in
378 1355 482 1432 Gabia,
505 1361 536 1416 ut
555 1354 693 1432 diximus,
715 1360 847 1416 mortuus
860 1371 929 1416 esse
946 1355 1073 1432 videtur,
1093 1373 1161 1418 curn

125 1452 159 1510 eb
186 1452 311 1516 Aiiredo
344 1453 454 1534 Magno
487 1455 627 1530 (circiter
649 1473 674 1516 a.
700 1454 936 1530 DCCCXXXV.)
959 1457 988 1516 in
1012 1456 1161 1537 nogium,

125 1557 153 1611 ut
171 1551 323 1615 doctrinae
346 1572 419 1615 suae
442 1555 549 1636 Angiis
571 1556 739 1616 bominibus
762 1557 878 1634 copiam
902 1555 1027 1632 decoret,
1049 1573 1161 1617 accer-

125 1651 203 1713 situm
226 1671 296 1716 esse
305 1675 314 1729 ;
347 1653 397 1714 bio
427 1654 463 1715 ad
495 1655 612 1716 abbatis
642 1653 814 1734 dignitatern
836 1673 903 1716 com
927 1657 1161 1736 pervenissem,

125 1767 201 1830 quam
227 1754 360 1816 vioicnta
382 1771 458 1816 nece
482 1754 662 1832 occidisset,
702 1755 791 1816 eiiam
814 1755 842 1816 in
864 1764 1053 1834 „sanctorum
1076 1773 1160 1818 mar·

124 1857 233 1932 tprnm“
255 1892 295 1903 -
317 1872 440 1918 numero
461 1873 531 1918 esse
553 1853 694 1916 habitum.
715 1891 756 1906 -·
787 1853 869 1916 iiarm
889 1856 1090 1916 narrationem
1115 1856 1161 1917 bis

125 1951 253 2015 ducendis
275 1953 340 2016 scre
360 1957 458 2030 annis,
479 1973 545 2017 curn
568 1971 607 2016 eo
629 1971 723 2035 usque
745 1954 794 2016 diu
817 1957 996 2016 inconcusso
1019 1956 1161 2032 stetisset,

123 2051 286 2117 iiebiiiooio
303 2058 343 2128 ¹⁹)
363 2057 440 2119 duce
463 2073 500 2118 ao
521 2055 667 2137 signifero
693 2054 908 2135 diligentissimi
930 2055 1038 2134 quique
1061 2054 1160 2118 bisto-

122 2154 171 2214 riri
190 2157 338 2219 acerrime
359 2158 578 2237 impugnarunt.
609 2157 701 2218 Notra
726 2161 822 2216 autem
846 2161 944 2214 actatc
966 2157 1088 2230 exstitit,
1109 2157 1159 2236 qui

122 2269 177 2316 rem
198 2257 385 2337 desperatam
406 2259 435 2318 in
458 2259 610 2336 pristinum
632 2258 791 2320 restituere
815 2263 1039 2326 connectuntur.
1081 2258 1157 2333 iios,

122 2371 199 2433 mam
220 2374 280 2418 non
304 2365 483 2420 consecutus
504 2360 561 2436 sit,
596 2358 665 2420 licet
694 2359 861 2438 piausorem
893 2375 977 2418 suurn
998 2359 1157 2436 invenerit,

121 2457 225 2534 paucis,
244 2459 412 2544 opinamur,
434 2456 582 2521 declarari
602 2465 709 2539 potest.

195 2557 481 2638 Ouaniamcunque,
517 2559 567 2640 qui
603 2577 666 2620 rem
696 2557 881 2635 detendunt,
918 2557 1154 2620 testimoniorum

121 2653 292 2738 ianaginam
317 2664 556 2739 congeruni²¹)‚
590 2660 795 2738 antiquissima
831 2657 868 2718 ab
901 2658 938 2719 iis
958 2657 1154 2736 scriptoribus

120 2765 258 2836 repetunt,
281 2759 330 2836 qui
350 2759 497 2834 docentis,
516 2764 546 2819 et
568 2758 705 2838 amplius,
728 2759 812 2819 annis
834 2763 902 2837 post
923 2757 1042 2820 Scotum
1063 2758 1153 2818 rixe-

120 2865 194 2918 rant:
216 2857 360 2938 ingulfum
385 2856 511 2920 dicimus
532 2857 669 2919 abbatem
691 2862 720 2918 et
741 2855 886 2920 Guiiieim.
905 2855 1154 2919 binimesburien-

119 2973 182 3018 scm.
221 2958 269 3021 Ad
294 2959 395 3020 borum
416 2951 514 3032 sidem,
542 2959 590 3037 qui
611 2965 716 3036 postea
739 2958 897 3036 scripsere,
921 2973 990 3018 seso
1014 2956 1078 3018 iere
1099 2976 1151 3018 re-

121 3057 227 3136 cipiunt.
272 3058 344 3119 Cum
368 3057 630 3120 binimcsburicnso
652 3059 768 3138 quidem
793 3059 842 3136 iiii,
865 3075 940 3136 quos
970 3059 1047 3118 inici·
1078 3056 1151 3119 reii-

120 3175 194 3236 quam
228 3159 342 3220 turbam
376 3157 484 3220 babent
515 3159 594 3220 reiut
626 3159 704 3222 iuter
725 3159 811 3239 ignes
833 3161 930 3220 iuriam
956 3161 1087 3220 urinorcs
1109 3197 1149 3208 -

119 3256 288 3320 adverbum
313 3257 376 3318 iere
408 3259 614 3344 comestioni,
645 3265 851 3338 praeterquam
883 3259 980 3337 quani,
1015 3260 1066 3320 ubi
1100 3259 1148 3321 iiic

118 3358 219 3422 cautius
252 3359 381 3434 dubitat,
416 3357 446 3420 bi
479 3358 651 3438 pierumque
682 3358 866 3420 confidenter
895 3356 1055 3422 aiiirmant:
1089 3377 1148 3420 nec

117 3501 398 3525 *fi-Q

147 3603 187 3670 19)
205 3607 238 3657 ci.
260 3607 326 3658 Acta
349 3607 444 3660 bened.
466 3625 534 3660 racc.
555 3609 601 3672 lV,
618 3617 682 3660 torn.
702 3607 734 3660 ΙΙ.
755 3625 780 3678 p.
801 3605 853 3660 506
872 3625 929 3678 req.

144 3709 186 3779 20)
208 3713 327 3764 Dicimus
345 3711 610 3778 Staudenmaiernm3
638 3713 672 3762 cf.
696 3714 753 3762 eirrs
774 3713 880 3774 fibram,
907 3712 953 3782 qui
974 3710 1146 3763 inscribitur:
1214 3773 1218 3784 1

203 3799 316 3851 ioannes
334 3800 431 3850 Scotus
450 3801 562 3866 Erigone
581 3808 625 3852 cet
650 3808 701 3852 cet.
723 3817 746 3867 p.
771 3799 820 3852 110
838 3817 891 3868 req.
930 3801 997 3850 iiuic
1022 3797 1144 3850 nisenu-

202 3895 244 3938 tar
263 3887 435 3938 Scirineterns
456 3889 482 3938 in
496 3905 543 3938 sua
560 3887 686 3940 librorum
701 3887 734 3936 de
748 3887 799 3936 dia.
811 3896 865 3938 unt.
881 3887 1003 3938 editione
1019 3901 1044 3952 p.
1054 3885 1078 3936 V
1088 3901 1143 3954 req.

145 3987 187 4054 ti)
205 3990 361 4042 Stamienm.
384 3991 400 4040 Ι.
414 3991 431 4040 Ι.
450 3991 577 4052 ninnium,
597 4009 663 4061 qnos
675 3991 797 4047 vidimus,
816 3991 928 4058 pintima
943 3989 1036 4039 irritet:
1056 4005 1141 4057 quare

201 4075 234 4128 ed
253 4079 311 4129 eius
332 4078 438 4139 librum,
456 4079 503 4148 qui
524 4095 577 4130 wan
596 4093 755 4146 cognoscere
774 4079 891 4148 cupiant,
910 4077 1129 4145 ablegaveriruns.
