2938 4716
300 346 341 412 9⁰

301 529 402 594 dicit«
423 565 463 580 --
484 530 597 605 Quodn
621 530 687 610 quis
706 529 766 592 bae
789 528 827 591 da
849 530 996 594 raetiam
1019 547 1099 594 nuno
1124 526 1254 602 dubitet,
1273 522 1345 588 boio

299 631 467 694 limnissime
490 647 666 712 persuasum
701 631 738 692 iri
773 645 940 710 speramus,
964 647 1052 710 qaum
1076 631 1114 694 de
1136 628 1258 708 reliquis
1280 624 1346 688 Na-

301 735 386 794 turae
410 729 515 794 lormis
538 730 745 811 disputabitur.

751 915 754 922 ,
775 857 804 926 5.
826 847 876 909 ee.

389 961 586 1025 Nihilominus
620 969 720 1025 lamen
752 981 803 1026 res
839 970 943 1027 nostra
973 961 1124 1045 postulare
1146 961 1283 1034 videtur,
1313 963 1348 1021 ul

301 1061 361 1124 iam
384 1079 484 1137 nune,
520 1080 596 1143 quae
621 1080 685 1125 non
705 1065 869 1141 nemini¹²)
895 1065 955 1128 lrao
980 1065 1013 1126 in
1040 1079 1132 1126 eausa
1160 1059 1347 1142 Erigeniana

301 1161 401 1224 lucam
426 1161 539 1226 lecisse
565 1164 711 1242 videmus,
745 1171 885 1245 quantum
908 1165 938 1226 in
961 1164 1130 1246 praesentia
1151 1163 1215 1225 lieri
1235 1165 1348 1242 potest,
1384 1159 1390 1170 '

302 1260 459 1323 declarare
482 1268 571 1342 atquo
595 1263 709 1326 diluere
739 1281 891 1326 conemur.
941 1265 1014 1352 ¹Sunt
1033 1265 1154 1326 omnino
1177 1259 1348 1345 complures

302 1359 363 1425 looi
385 1363 415 1424 in
438 1362 523 1424 libris
547 1363 585 1426 de
605 1365 666 1426 div.
690 1373 827 1443 naturae,
860 1365 911 1430 ubi
932 1367 1074 1448 Erigone,
1095 1365 1246 1429 communi
1280 1363 1348 1425 lor-

304 1467 387 1524 tasse
422 1460 574 1526 hominum
597 1479 689 1527 sensu
709 1465 897 1543 inserviens,
927 1466 967 1530 ita
991 1467 1126 1547 scripsit,
1149 1464 1235 1545 quasi
1258 1461 1347 1524 deum

304 1560 416 1626 habeat
437 1562 475 1624 ab
495 1562 555 1625 boo
577 1563 719 1628 universo
742 1569 975 1646 separatom¹³).
1014 1565 1156 1647 Legimus
1179 1565 1257 1628 enim
1280 1581 1348 1624 oum

306 1661 376 1738 alia,
400 1669 461 1725 tam
482 1661 580 1726 baec:
611 1663 695 1745 „lpse
716 1665 790 1728 deus
819 1666 850 1728 in
872 1681 906 1728 se
928 1667 995 1746 ipso
1015 1664 1090 1729 ultra
1114 1681 1230 1727 omnem
1256 1681 1349 1728 creo-

306 1768 456 1826 turam-
472 1763 553 1826 nullo
577 1764 730 1828 intellecta
756 1766 1035 1848 compaelrendituffl
1056 1803 1097 1814 -
1119 1765 1156 1844 (l,
1179 1766 1210 1842 3,
1231 1763 1249 1828 7
1271 1770 1349 1839 elo.)

308 1863 450 1945 Legimus
481 1865 559 1928 adeo
594 1865 648 1946 (ll,
674 1868 689 1928 1
714 1872 805 1945 eto.):
835 1868 1026 1948 „creaturam
1060 1867 1110 1930 dei
1139 1867 1263 1930 nomine
1284 1875 1349 1947 (per

304 1965 527 2046 metaphoram)
564 1984 655 2048 posse
687 1968 845 2049 appellari,
867 1976 1026 2050 propterea
1048 1968 1128 2050 quod
1148 1987 1165 2031 a
1189 1969 1246 2031 deo
1269 1967 1350 2030 laeta

307 2070 347 2130 sit
361 2073 432 2145 ’ψ
466 2107 504 2120 -
532 2068 617 2142 Quae
647 2070 753 2150 quibas
784 2070 874 2133 laoile
903 2071 1000 2133 relelli
1034 2076 1162 2151 queant,
1198 2068 1350 2152 sigillatim

307 2185 547 2231 commemorare
574 2168 729 2232 nolumus:
759 2170 819 2232 boo
849 2188 938 2234 unam
966 2171 1111 2249 dicimus,
1132 2189 1173 2234 ox
1192 2172 1257 2251 ipsa
1279 2169 1351 2234 Eri-

307 2285 407 2351 genae
440 2268 629 2351 philosophia
659 2275 766 2352 sponte
796 2272 903 2351 sequi,
936 2271 1069 2352 potuisse
1103 2288 1170 2334 eum
1191 2278 1250 2334 tam
1272 2269 1351 2334 haee

308 2371 433 2447 docere,
455 2386 542 2450 quam
566 2387 642 2450 quae
665 2387 732 2434 eum
755 2388 844 2451 supro
867 2374 911 2457 (ξ.
936 2371 1082 2453 id-bt.)
1112 2371 1271 2436 docentem
1292 2389 1351 2434 au-

309 2469 448 2532 divimus.
498 2469 553 2530 Est
574 2475 672 2532 autem
697 2470 885 2550 philosophia
907 2472 977 2547 ista,
999 2471 1028 2534 id
1050 2471 1129 2552 quod
1153 2471 1231 2535 inlra
1255 2470 1351 2552 pluri-

308 2570 366 2632 bus
402 2569 673 2648 demonstrabitur,
708 2571 772 2632 lere
799 2571 895 2634 haee:
933 2573 1016 2634 Deus
1038 2579 1133 2652 pater,
1153 2572 1263 2635 Natura
1286 2589 1350 2636 non

309 2675 413 2734 ereata
436 2687 562 2748 ereans,
594 2686 689 2750 usquo
722 2670 760 2732 ab
781 2673 958 2734 aeternitate
981 2673 1012 2735 in
1035 2671 1095 2735 lilio
1115 2689 1170 2736 suo
1192 2672 1348 2754 unigenito

309 2771 425 2834 crearit
457 2769 486 2832 h.
505 2785 536 2831 e.
571 2787 611 2831 ex
642 2787 698 2834 sua
727 2771 893 2834 substantia
923 2772 1156 2837 substantialiter
1189 2772 1288 2835 emisit
1308 2807 1350 2820 -

308 2871 448 2936 Naturam
479 2876 611 2933 creatam
648 2878 816 2950 creantem,
847 2873 976 2936 omnium
1009 2891 1125 2951 rerum,
1152 2889 1349 2955 quaeeunque

308 2972 511 3034 universitatis
538 2987 667 3052 corpore
691 2973 983 3053 comprehendantur
1014 2991 1140 3050 „causas
1169 2973 1351 3054 primordia-

309 3071 391 3150 les‚“
424 3070 454 3133 h.
479 3089 507 3132 e.
527 3071 660 3150 „ideas,“
687 3072 840 3154 „exempla
865 3073 1068 3155 principalia.“
1090 3113 1130 3122 —
1151 3071 1211 3136 ilas
1237 3073 1349 3135 deinde

312 3187 420 3234 causas
441 3169 751 3256 primordialesidem
775 3173 862 3244 deus,
876 3180 961 3254 pater
983 3192 1037 3255 per
1057 3175 1195 3255 Spiritum
1216 3179 1351 3236 samolum

312 3273 342 3334 in
367 3271 496 3352 ipsarum
516 3270 657 3354 ellectus,
684 3271 824 3334 Naturam
857 3281 987 3336 creatam
1008 3292 1069 3336 non
1090 3280 1252 3350 creantem,
1274 3275 1352 3336 bano

313 3377 404 3436 lolam
439 3389 538 3435 rerum
572 3373 816 3452 universitatem,
852 3373 971 3455 „divisit
1000 3381 1088 3458 atque
1119 3374 1350 3456 multiplicavit,i

315 3473 356 3536 ita
379 3475 411 3534 ut
431 3489 530 3553 neque
564 3472 603 3534 de
632 3474 752 3554 propria
785 3491 841 3538 saa
870 3475 960 3556 sede,
981 3493 1069 3558 quam
1091 3492 1185 3558 usquo
1208 3476 1245 3539 ab
1269 3477 1351 3540 omni

314 3617 608 3631 —-—-—-

349 3699 396 3767 112)
413 3697 447 3750 ol.
467 3698 586 3752 scbluat.
605 3717 632 3770 p.
654 3699 745 3754 xviii.
764 3717 841 3772 seqq.

353 3784 400 3853 13)
421 3784 456 3834 es.
476 3785 596 3838 Selrluet.
618 3787 636 3836 l.
655 3788 673 3838 l.

354 3869 398 3936 14)
417 3871 471 3924 Hor
489 3872 563 3924 locos
587 3874 718 3942 respicere
735 3873 867 3926 debuerat
884 3873 1004 3926 Sobluet.
1023 3876 1061 3946 (p.
1075 3873 1170 3943 xiiii:
1189 3879 1261 3926 certe
1281 3872 1352 3924 enirn

420 3975 451 4010 ea
469 3958 503 4010 ad
522 3961 630 4012 Scotum
653 3959 833 4016 excusandum
852 3963 1024 4032 protulisset,
1050 3979 1119 4036 quae
1141 3962 1220 4032 longe
1239 3959 1354 4014 luissent

419 4045 492 4100 dictu
515 4047 687 4118 speciosiora.
709 4078 743 4090 -
