2938 4716
272 329 313 401 76

271 513 430 591 perurunt,
466 507 492 569 si
509 523 686 570 enumerare
705 505 850 585 volimus,
885 506 950 570 dies
972 509 1110 588 proiecto
1132 510 1250 574 deficiat
1266 515 1318 588 Μ).

273 609 372 682 Quare
393 607 540 669 hocloco
562 623 598 668 ea
620 613 730 668 tantum
754 609 951 684 narrabimus,
971 627 1049 688 quae
1069 610 1107 672 ab
1128 612 1187 685 tris,
1207 614 1260 692 qui
1280 609 1319 673 ad

272 729 297 772 s.
321 708 477 771 Ecclesiae
499 714 603 770 nostra
625 708 829 789 *gubernacula
851 711 1029 788 consedere,
1061 710 1207 774 adversus
1226 713 1321 774 libros

274 811 312 874 de
332 811 446 872 naturis
466 816 552 890 gesta
574 815 651 870 sunt.

356 913 421 974 Fuit
441 912 531 992 igitur
552 911 672 972 ineunte
694 908 816 970 saecuto
839 907 933 986 nitu,
957 925 1045 989 quum
1069 909 1237 974 Amairicus
1258 911 1321 972 Be-

275 1013 387 1089 nensis,
415 1010 511 1074 David
534 1009 572 1071 da
601 1008 740 1072 Dinando
769 1021 811 1084 (s.
836 1009 982 1083 Dinanto)
1010 1008 1175 1090 horumque
1206 1013 1322 1092 reliqua

274 1113 360 1176 turba
397 1113 486 1174 totius
516 1109 629 1172 Galliae
668 1109 827 1172 ecclesiam
864 1106 1126 1172 vehementissime
1161 1112 1322 1174 vexabant.

276 1213 449 1276 Doctrinam
476 1227 578 1284 suam,
610 1217 755 1291 quatenus
790 1211 954 1272 memoriae
977 1217 1024 1272 est
1050 1212 1218 1292 proditum,
1257 1213 1323 1275 iera

275 1313 396 1374 ioannis
418 1311 500 1372 Scoti
522 1310 599 1373 libro
622 1310 660 1372 de
683 1311 832 1372 divisione
853 1317 979 1372 naturae
995 1309 1164 1374 debebant.
1207 1313 1325 1375 Gerso-

276 1415 344 1475 nius
367 1412 495 1492 quidem,
518 1411 565 1472 vir
585 1410 785 1490 doctissimus,
806 1412 938 1473 univers.
963 1412 1053 1475 Paris.
1077 1413 1213 1489 cancell„
1247 1412 1325 1475 haec

278 1513 420 1576 docuisse
454 1515 496 1574 eit
522 1513 775 1589 Amairicum¹⁵):
809 1512 937 1589 „Omnia
967 1518 1036 1575 sunt
1067 1513 1156 1576 deus:
1189 1513 1264 1574 deus
1297 1520 1328 1576 et
1383 1557 1388 1568 .

279 1616 389 1676 omnia.
433 1611 559 1674 Creator
579 1619 609 1674 et
630 1618 766 1674 creatura
787 1614 865 1674 idern
886 1619 963 1674 sunt.
1006 1614 1086 1676 Deus
1118 1614 1187 1676 ideo
1219 1614 1327 1676 dicitur

278 1713 345 1776 finis
367 1714 514 1789 omniurn,
547 1712 627 1794 quod
652 1714 751 1774 omnia
776 1729 936 1776 reversura
958 1715 1076 1775 suntin
1097 1715 1210 1796 ipsum,
1242 1721 1274 1776 ut
1296 1717 1327 1775 in

279 1829 318 1876 eo
341 1812 561 1876 immutabiliter
590 1815 826 1893 conquiescant:
864 1819 895 1875 et
921 1830 1010 1874 uuum
1033 1813 1215 1877 individuum
1239 1821 1328 1893 atque

280 1907 520 1978 incommutabile
544 1913 769 1994 permanebunt.
803 1914 884 1976 Siout
909 1913 1059 1975 Abrohom
1082 1920 1112 1975 et
1134 1913 1218 1976 isaac
1241 1916 1329 1976 unius

280 2016 474 2096 eiusdemque
498 2021 621 2078 naturae
643 2021 727 2090 sunt,
747 2015 793 2076 sio
814 2015 914 2078 omnia
936 2029 1005 2074 esse
1027 2031 1137 2092 unum,
1170 2021 1200 2076 et
1229 2015 1329 2076 omnia

280 2135 350 2180 esse
372 2116 479 2179 dcum:
518 2117 604 2178 deum
636 2117 715 2195 enim
747 2133 817 2178 esse
841 2117 971 2178 omniurn
994 2121 1196 2177 creaturarum
1220 2135 1331 2181 essen-

281 2219 351 2280 tiam
372 2225 453 2279 cto.“
473 2254 514 2266 -
538 2215 634 2278 David
656 2218 694 2279 de
717 2216 865 2294 Dinando‚
896 2215 1037 2277 nmatrtct
1063 2214 1233 2296 disciputus
1255 2237 1330 2282 eas-

284 2318 352 2379 dem
387 2335 437 2379 res
470 2323 581 2379 tantum
618 2333 680 2378 non
715 2315 822 2378 iisdem
854 2317 955 2376 verbis
974 2315 1115 2377 docuisse
1138 2318 1331 2397 traditur¹⁶].

283 2415 415 2492 Quorum
438 2417 585 2479 sententia
609 2415 683 2478 nihil
706 2421 753 2478 ost
774 2415 974 2497 Erigenianae
994 2415 1126 2478 similius.
1149 2417 1234 2491 Quod
1253 2419 1332 2480 inira

283 2517 414 2579 anobis
434 2522 608 2597 exponetur.
651 2515 754 2595 Neque
775 2515 851 2576 haec
875 2532 925 2577 res
950 2515 997 2578 itta
1023 2523 1119 2578 aetate
1140 2518 1232 2580 tatuit.
1276 2519 1333 2581 [ti-

283 2625 365 2681 serre
386 2617 466 2680 enim
487 2622 611 2678 narrem
631 2614 785 2691 historici,
817 2616 899 2678 Sooti
927 2619 1023 2680 nostri
1046 2634 1122 2698 opus
1142 2617 1333 2698 compilatum

284 2735 355 2782 esse
379 2718 416 2779 ab
439 2716 589 2780 Amutrico
603 2719 653 2793 ¹⁷).
687 2716 728 2778 nt
748 2715 867 2777 tradunt
889 2718 988 2794 etiam,
1018 2719 1094 2798 ilios,
1116 2735 1240 2798 quorum
1258 2725 1335 2798 erat,

284 2835 346 2880 non
368 2817 464 2879 sotum
489 2817 648 2879 damnasse
669 2817 753 2879 scon
776 2815 892 2895 tibrum,
922 2833 1024 2880 verum
1047 2821 1134 2881 etiam
1158 2819 1274 2900 publice
1296 2837 1334 2881 ac

287 2919 454 2982 solenniter
486 2917 621 2981 comburi
652 2918 778 2980 iussisse
790 2921 842 2996 ¹⁸).
885 2918 1061 3000 ditericus,
1096 2921 1181 2982 trium
1210 2919 1335 2983 iontium

294 3088 577 3102 *ιιι-ι...-

326 3183 372 3252 ii)
392 3185 425 3235 oi.
444 3202 502 3254 sup.
524 3183 637 3254 eap.}1,
658 3193 714 3237 not.
736 3186 776 3250 17,
794 3185 842 3237 ubi
862 3202 953 3240 eorum
974 3187 1120 3238 nonnullos
1139 3185 1287 3238 attulimus.

329 3288 373 3354 15)
395 3287 430 3338 ci.
449 3286 521 3340 loon.
539 3289 665 3341 Gemonii
677 3307 759 3360 opera
778 3293 877 3342 omnia.
896 3291 965 3342 Edit.
984 3291 1110 3342 Eiiiesdu
1122 3289 1186 3355 Pin;
1205 3289 1339 3358 Antwerp.

398 3383 461 3426 tom.
480 3375 526 3440 lv,
548 3376 599 3427 col.
618 3375 669 3428 821
691 3395 746 3448 aeq.
766 3377 835 3430 Vide
854 3379 1074 3434 etiam'fennero.
1094 3377 1158 3429 lun.
1170 3377 1269 3448 philos.
1284 3379 1341 3430 rot.

400 3459 467 3514 vrit.
486 3481 546 3532 pora
563 3462 585 3526 1,
604 3481 630 3533 p.
648 3462 701 3516 316
721 3481 770 3516 ss.

333 3565 379 3634 16)
399 3565 433 3618 ci.
454 3564 549 3618 'strom
570 3566 668 3635 riquira.
688 3568 716 3618 in
733 3565 769 3618 lv
792 3568 873 3620 libros
892 3575 1008 3620 sentent.
1026 3565 1059 3618 lt.
1077 3565 1139 3618 diet.
1158 3563 1236 3616 xvll.
1265 3563 1300 3632 Q
1320 3565 1341 3616 1.

396 3655 451 3705 Art.
475 3651 498 3703 1.
515 3661 544 3704 et
573 3653 675 3706 eilberti
701 3663 804 3708 rumore
828 3654 912 3709 theol.
933 3673 960 3727 p.
977 3653 998 3708 1.
1020 3662 1096 3706 treet.
1113 3651 1159 3704 lv.
1180 3651 1214 3722 Q.
1233 3651 1286 3704 XX.
1304 3679 1341 3696 -

402 3739 473 3792 Vide
492 3739 621 3792 Tenuem.
641 3742 658 3793 1.
668 3741 686 3792 1.

336 3842 380 3910 17)
399 3842 433 3893 ci.
451 3841 564 3896 Gemon-
585 3852 612 3896 ct
630 3844 760 3896 Tenueor.
775 3845 827 3922 ior„
845 3863 903 3916 sup.
923 3847 990 3912 (unt¹
1014 3844 1057 3912 15)
1077 3841 1150 3894 laud.
1167 3871 1200 3884 -

336 3944 382 4014 18)
403 3945 436 3997 ci.
461 3944 574 3998 Gerrou.
601 3955 629 3999 et
656 3949 788 4001 Tenoem.
816 3947 861 3998 Ι.Ι.
891 3947 986 3999 Tirom.
1015 3947 1093 3998 Gale.
1118 3945 1219 3998 tertim.
1251 3961 1277 4016 p.
1301 3944 1342 3996 12.

404 4034 473 4086 iiiut.
494 4034 550 4088 litt.
569 4034 603 4088 da
624 4035 650 4088 tr
671 4035 770 4088 Franco
791 4043 855 4094 tom.
874 4033 906 4088 V.
927 4053 954 4106 p.
973 4031 1034 4086 42³.
