2934 4710
165 351 308 444 ,roe

245 526 421 592 ιειιιιίιιιιια
442 523 513 586 item
532 521 598 602 (lv,
621 525 683 602 t.):
704 523 802 602 ,Deus
829 526 876 584 εει
892 537 984 609 causa
1008 511 1138 586 creabis
1157 523 1293 586 existen-

246 630 316 691 tium
338 632 368 687 ot
387 640 448 688 non
473 623 661 685 existentium
685 624 815 686 omnium
825 630 853 684 ,a
874 628 904 684 et
927 623 1049 700 boeti,
1072 622 1159 700 17.):
1181 623 1292 702 ,Cate-

245 727 399 808 goriarum
440 722 695 806 significationes,
727 741 804 804 quae
841 723 960 803 proprie
990 723 1020 784 in
1043 722 1134 784 rebus
1159 723 1290 785 conditis

246 826 474 908 dignoscuntur,
496 823 535 886 de
556 841 646 898 causa
669 824 799 885 omnium
821 839 883 885 non
916 821 1046 884 absurde
1069 829 1193 901 possunt
1214 840 1290 902 pro-

246 925 341 1004 lerri3
370 943 429 988 neo
462 931 559 986 tamen
590 923 733 1005 proprie,
753 923 809 986 sed
833 922 1024 987 translative:
1052 939 1119 984 nam
1141 923 1168 984 si
1190 920 1290 1001 aliqua

246 1025 408 1106 Categoria
437 1023 476 1086 de
506 1022 565 1086 deo
587 1024 708 1106 proprie
729 1021 975 1104 praedicaretur,
997 1023 1172 1084 necessario
1194 1022 1291 1085 Deum

242 1142 339 1208 genus
359 1139 429 1187 esse
460 1130 650 1204 aequoreum
702 1123 783 1186 Deus
813 1129 912 1184 autem
941 1137 999 1184 nac
1018 1129 1115 1204 penus
1136 1137 1195 1184 nec
1215 1137 1291 1201 spe·-

245 1227 310 1288 cies
331 1241 389 1287 nec
410 1223 554 1287 accidens
577 1230 622 1286 est
638 1229 664 1286 :“
694 1230 725 1286 ει
755 1240 858 1286 rursus
878 1221 931 1301 (ll,
958 1231 1018 1298 1.):
1038 1222 1121 1302 ,Noa
1143 1229 1190 1286 εει
1210 1221 1288 1284 deus

242 1340 340 1406 genus
362 1329 539 1399 creaturae,
571 1341 630 1386 uec
660 1329 798 1386 ereatura
823 1324 942 1404 species
965 1321 1025 1400 dei,
1046 1323 1125 1386 sicul
1149 1329 1289 1384 creatora

243 1439 306 1485 non
326 1426 374 1484 est
392 1438 491 1503 genus
513 1419 575 1500 dei,
598 1439 697 1502 neque
721 1422 796 1484 deus
816 1422 935 1503 species
956 1427 1122 1484 creaturae.
1142 1457 1181 1472 -
1204 1421 1289 1484 Deus

243 1537 306 1585 non
329 1527 377 1582 est
412 1526 505 1584 toturn
542 1527 721 1599 creaturae,
748 1538 848 1603 neque
878 1527 1015 1584 creatura
1044 1537 1115 1601 pars
1138 1519 1208 1596 dei;
1229 1537 1290 1582 uec

244 1627 382 1686 creatura
404 1627 453 1684 est
485 1627 577 1684 totum
596 1623 663 1699 dei,
684 1628 735 1684 aut
756 1622 830 1684 deus
853 1637 924 1702 pars
941 1628 1105 1684 creaturae.
1128 1655 1168 1671 -
1190 1620 1290 1683 idota-

247 1721 375 1804 pbcrice
402 1720 636 1784 deosdicitoret
654 1737 761 1801 genus,
783 1728 813 1784 et
834 1727 940 1801 totum,
957 1728 987 1783 at
1007 1721 1125 1801 species
1146 1725 1178 1782 et
1199 1737 1290 1802 pars:

247 1839 336 1888 omne
360 1821 452 1898 enim,
481 1819 561 1901 quod
590 1820 620 1882 iu
648 1821 714 1901 ipso
735 1826 766 1882 et
786 1837 826 1884 ειι
845 1821 910 1901 ipso
932 1827 987 1900 est,
1010 1820 1226 1884 rationabiliter
1247 1819 1289 1884 de

247 1940 285 1986 eo
308 1921 518 2001 praedicatur,
549 1919 604 1984 sed
634 1919 811 2002 intelligibili
834 1921 962 2002 quadam
983 1921 1185 1984 universitatis
1206 1937 1287 1985 con-

244 2021 437 2102 templatione
472 2057 514 2071 -
545 2021 770 2084 universitatem
804 2021 873 2084 dico
904 2022 998 2084 Deum
1020 2027 1050 2082 ει
1070 2021 1288 2084 creaturam«

237 2128 397 2206 ,postremo
429 2121 520 2183 etiam
552 2120 612 2183 boc
644 2120 704 2202 (lli,
739 2123 801 2198 l.):
836 2121 952 2201 ,Causa
975 2123 1065 2184 totius
1085 2121 1289 2184 universitatis

246 2219 386 2284 conditae
421 2219 552 2282 creatrix
582 2227 628 2282 est
657 2220 891 2300 supernaturalis
919 2228 951 2283 et
977 2221 1235 2303 superessentialis
1255 2228 1289 2283 et

244 2338 334 2401 supra
350 2321 459 2398 omnia,
482 2336 559 2400 quae
579 2320 661 2384 omni
682 2337 773 2382 sensu
792 2321 1006 2402 percipiuntur,
1027 2320 1159 2384 domest
1179 2321 1286 2384 borum

246 2421 376 2483 omnium
409 2421 583 2501 principium
612 2421 733 2484 causale
764 2427 794 2483 et
824 2422 952 2485 medium
977 2423 1102 2504 implens
1125 2423 1287 2488 essentiale

245 2527 276 2583 et
294 2519 362 2582 bnis
393 2537 603 2583 consummans
623 2557 664 2571 -
686 2527 718 2583 et
744 2519 876 2584 ambitus
907 2523 1030 2604 omnia,
1066 2538 1144 2603 quaa
1165 2528 1234 2586 sunt
1254 2529 1287 2586 et

245 2637 323 2701 quae
342 2635 403 2684 non
423 2627 502 2702 sunt,
523 2620 801 2686 circumscriberent
822 2661 860 2674 -

707 2806 738 2890 p.
761 2800 813 2872 la.

334 2934 416 2998 Haec
450 2934 542 3018 igitur
568 2939 599 2998 et
629 2935 677 2998 bis
708 2936 836 3016 similia,
870 2943 901 3000 nt
920 2953 1048 3001 necesse
1070 2942 1126 3016 est,
1145 2937 1176 3000 in
1198 2937 1285 3000 libris

250 3036 288 3099 de
318 3035 468 3098 divisione
498 3041 624 3098 naturae
660 3034 807 3116 leguntur.
865 3037 906 3099 nt
937 3053 1011 3100 sane
1039 3036 1204 3101 mirandum
1227 3043 1285 3117 est,

248 3136 299 3216 qni
321 3135 430 3198 lactum
453 3135 507 3214 sit,
540 3141 572 3197 ιιι
603 3135 728 3214 Scotns,
760 3153 848 3215 quum
881 3135 959 3200 baec
990 3137 1056 3200 sola
1098 3154 1284 3200 communem

247 3235 399 3298 bominum
431 3234 574 3316 loquendi
609 3252 696 3298 nsum
733 3235 849 3301 referre
879 3237 1056 3317 videamur,
1087 3238 1165 3301 baec
1185 3243 1285 3300 tamen

247 3333 313 3415 ipsa
344 3335 436 3417 longo
467 3333 661 3416 paucioribus
691 3337 786 3420 locis,
824 3355 911 3420 quam
945 3336 1107 3418 crederes,
1128 3339 1286 3419 scripsisse

248 3433 497 3516 deprehendatur.

140 3527 143 3534 '
330 3533 403 3608 Quis
424 3541 522 3596 autem
544 3539 600 3614 est,
621 3533 692 3615 quin
715 3532 828 3616 uideat,
846 3551 909 3598 non
929 3551 999 3598 esse
1012 3535 1090 3598 inter
1110 3537 1167 3599 bos
1185 3535 1283 3614 locos,

247 3631 354 3712 quibus
384 3633 587 3714 pantheismus
615 3634 834 3716 brigenium,
864 3653 951 3717 quem
973 3636 1093 3718 quidem
1115 3653 1204 3717 supra
1226 3655 1285 3698 err·-

246 3731 432 3812 plicavimus,
455 3731 515 3795 ullo
535 3739 622 3814 pacto
644 3733 857 3812 labefactetur,
875 3751 914 3798 na
937 3734 1071 3799 dicamus
1092 3735 1286 3799 disiioiatur'l

250 3832 387 3896 —Sunt
423 3839 529 3895 contra
559 3836 591 3896 iu
619 3850 723 3897 eorum
753 3851 896 3914 numero,
927 3837 977 3918 qui
1002 3835 1091 3917 plane
1111 3853 1147 3898 ac
1172 3836 1284 3898 diserte

246 3929 462 4014 pantheismum
485 3932 629 4002 doceant!
651 3971 694 3984 —

332 4031 415 4106 Quae
450 4051 538 4116 quum
566 4035 608 4100 ita
643 4035 719 4116 sint,
750 4015 814 4098 ιιοεΙ
840 4033 976 4117 prolecto
997 4041 1078 4100 stare
1100 4034 1289 4114 arbitramur,
