2934 4710
1136 341 1196 408 109

239 522 310 586 Post
327 517 469 586 nonnullo
489 533 530 580 ex
549 533 574 580 s.
605 515 775 598 Augustino
801 521 832 580 ot
846 531 893 602 ,on
912 517 951 606 A.
975 517 1147 584 (luentium
1168 521 1199 586 in

157 624 372 686 alienissimum
403 619 462 682 sibi
498 618 597 680 locum
632 616 802 698 compulsa,
835 617 1028 681 Schlueterus
1050 629 1095 699 (p.
1115 619 1198 699 XX.)

156 725 235 787 haec
258 723 364 788 habet:
397 721 483 800 „Age
512 733 608 800 ergo,
641 717 730 780 etium
754 717 903 798 Erigonae
922 716 1130 799 indulgeamus
1152 720 1201 782 di-

158 823 260 886 centi:
291 823 392 902 ,Deus
421 825 468 882 est
498 819 530 880 iu
549 835 600 897 se,
637 816 669 879 lit
688 817 719 879 in
741 819 926 892 creaturis,“
957 835 1048 899 quum
1079 825 1202 900 propter

157 920 311 988 Paulinum
345 918 433 988 iilud:
464 917 532 998 „uui
568 923 615 982 est
634 934 689 998 per
711 917 812 980 omniu
830 923 861 979 et
881 918 913 980 iu
934 919 1104 995 omnibus,“
1125 919 1203 980 site·

156 1041 225 1086 rum
254 1020 389 1086 eiusdem
418 1017 578 1100 Apostoli:
611 1018 680 1098 „qui
709 1023 756 1080 est
788 1034 878 1098 supra
900 1020 1035 1097 omnia,i
1056 1035 1202 1100 nusquam

157 1121 355 1204 neglexerit“
380 1155 417 1169 -
441 1118 535 1192 Quum
558 1135 621 1188 rem
640 1123 673 1180 ut
692 1117 810 1197 probet,
831 1116 935 1181 luudat
950 1117 1142 1183 Schluetcrus
1164 1118 1203 1184 de

159 1223 222 1285 div.
248 1227 309 1284 nui.
333 1219 383 1299 lV,
405 1222 424 1281 5
444 1219 499 1282 sub
520 1217 582 1297 lin,
602 1217 653 1280 ubi
677 1217 754 1280 haec
767 1216 921 1300 teguntur:
942 1218 1042 1296 ,Deus
1065 1225 1096 1280 et
1114 1235 1205 1299 supra

159 1322 264 1385 omnia
284 1328 316 1383 et
337 1321 369 1383 iu
392 1319 530 1382 omnibus
554 1323 615 1397 est,
643 1317 709 1399 ipse
738 1317 886 1398 siquidem
921 1319 1052 1382 essentia
1073 1321 1204 1382 omnium

158 1429 223 1502 est,
247 1421 297 1500 qui
318 1436 392 1482 vero
412 1416 513 1482 sclusl‘
534 1417 633 1493 (solus
649 1423 732 1494 vere)
753 1424 808 1481 est.
940 1503 942 1506 Ι

246 1521 298 1586 lli.
339 1520 452 1584 llonito
485 1526 584 1584 autem
616 1528 662 1600 (p.
693 1519 795 1598 xx),
831 1537 870 1582 nc
898 1523 966 1602 quis
993 1520 1205 1603 Erigcniununr

160 1622 244 1686 iilum
261 1621 393 1684 Naturae
425 1617 647 1701 quaternarium
670 1636 736 1682 cum
767 1635 794 1682 s.
814 1619 957 1682 Ternariu
980 1619 1128 1702 dogmatis
1147 1623 1207 1686 ullu

157 1719 269 1786 modo*
289 1737 379 1782 unum
421 1736 491 1782 csse
526 1724 626 1799 putet,
657 1719 767 1784 Saulus
794 1733 839 1800 (p.
859 1719 968 1798 XXll.)
1008 1722 1090 1784 omui
1121 1722 1208 1803 culpa

160 1820 346 1897 absolvitur,
373 1825 532 1901 propterea
565 1817 646 1899 quod
679 1819 723 1898 ,si
745 1817 960 1900 pantheismum
986 1820 1084 1885 luerit
1104 1829 1208 1884 sectu-

158 1929 222 2000 tus,
254 1921 368 1984 docere
388 1936 450 1983 nou
471 1919 637 2001 potuisset,
665 1935 743 2000 pune
779 1918 933 1985 docuerit:
963 1930 998 2000 a)
1020 1921 1113 1984 licum
1137 1938 1207 1984 esse

160 2019 420 2102 supernaturalem
455 2027 486 2083 et
515 2019 798 2100 superessentialem
825 2027 857 2082 ct
886 2037 976 2102 supra
997 2021 1108 2099 omniu,
1130 2037 1208 2101 quac

159 2122 247 2186 omni
270 2139 362 2184 sensu
383 2120 595 2202 percipiantur,
618 2121 687 2182 dum
708 2122 747 2183 sit
767 2118 873 2183 horum
887 2120 1016 2184 omnium
1031 2121 1208 2202 principium

160 2220 300 2300 causale,
336 2226 368 2283 et
386 2220 515 2283 medium
537 2218 662 2300 implens
679 2220 841 2284 essentiale
861 2227 891 2284 et
910 2219 976 2285 finis
998 2237 1209 2284 consummans
1309 2299 1313 2314 ἢ

159 2357 207 2372 --
227 2329 258 2384 et
288 2323 416 2384 ambitus
447 2320 716 2400 circumscribens,
742 2361 784 2374 -
811 2327 927 2404 nequet*
951 2319 1208 2401 (Aristotelicum)

161 2423 372 2504 „categoriam
402 2420 573 2498 essentiae,
604 2435 703 2500 nemra
731 2427 869 2486 casuras
888 2439 999 2488 norem
1020 2423 1209 2503 categoriae

162 2531 261 2602 (quac
283 2537 389 2584 omnes
408 2521 541 2601 proprie,
564 2526 596 2582 ut
615 2520 723 2584 Scotus
745 2520 782 2606 [1‚
811 2523 870 2600 ti]
894 2524 946 2602 uit,
967 2523 999 2586 in
1019 2522 1110 2586 rebus
1130 2539 1209 2584 con.

164 2623 238 2684 ditis
267 2621 500 2703 dignoscuntur)
536 2620 583 2700 ,in
611 2619 699 2682 deum
722 2605 813 2700 posse
836 2621 1010 2701 caderes).
1036 2623 1072 2702 b]
1095 2622 1210 2686 lluma·

168 2739 241 2784 nam
259 2720 441 2786 uoluntatem
464 2737 532 2782 esse
557 2720 682 2782 liberum
706 2719 744 2781 ud
768 2719 937 2802 eligendum
964 2723 1012 2786 rel
1034 2722 1144 2786 bunum
1164 2723 1212 2785 vel

165 2821 290 2898 malum,
311 2828 343 2884 et
363 2836 462 2902 genus
495 2819 654 2883 humanum
676 2820 706 2882 in
727 2819 844 2891 Adumo
866 2823 1103 2904 praevaricatum
1126 2840 1211 2887 mor..

166 2921 253 3002 tique
273 2921 436 2984 obnoxium
469 2918 589 3000 tactum,
620 2921 650 2982 in
671 2920 788 2984 Christo
811 2929 842 2988 et
865 2939 920 3006 per
938 2924 1085 2988 Christum
1105 2923 1209 2985 sulva-

169 3028 234 3082 tum
263 3031 333 3084 csse
363 3027 394 3084 et
421 3021 501 3083 vitae
521 3026 664 3082 aeternae
684 3019 843 3086 redditum.
888 3033 922 3102 c)
943 3022 1134 3104 ,superbiam
1155 3022 1212 3084 Lu.

169 3120 277 3197 citeri,
309 3120 360 3202 qui
393 3137 448 3182 suu
469 3120 577 3182 virtute
600 3119 674 3184 deus
696 3137 765 3184 csse
788 3123 931 3204 cupisset,
951 3122 1127 3186 detestabile
1150 3121 1213 3184 cri-

167 3237 242 3284 men
262 3219 364 3287 luisse.
409 3219 445 3298 d)
466 3221 560 3284 Deum
582 3219 722 3301 efficere,
744 3227 777 3284 ut
796 3225 886 3287 multa
918 3230 1003 3288 extra
1025 3239 1212 3288 communem

169 3329 298 3384 nuturue
328 3321 465 3384 ordinem
496 3321 656 3400 eveniant,
688 3339 747 3403 quo
780 3325 936 3405 ostendat,
969 3343 1004 3388 se
1024 3326 1120 3388 solum
1142 3337 1214 3400 esse

171 3421 352 3486 duminom.“
392 3421 483 3486 llisoe
514 3423 646 3504 quirum
674 3421 793 3488 additur
812 3425 896 3490 lnce:
930 3427 1061 3502 Scotum,
1092 3425 1118 3486 si
1135 3439 1214 3504 pun-

170 3522 329 3604 tireismurn¹
361 3521 451 3586 fuerit
480 3528 631 3604 sectatus,
665 3523 816 3590 notionem
849 3525 978 3592 classice
1012 3524 1213 3608 dogmaticam

199 3795 248 3864 29)
278 3797 336 3848 Hoc
362 3795 422 3848 loco
451 3811 506 3848 unu
533 3795 590 3866 ipso
615 3791 767 3852 Sclrluctsri
798 3798 877 3851 verbs
900 3799 1080 3867 allegavimus,
1099 3797 1146 3852 sed
1165 3799 1213 3850 ilia

274 3883 332 3935 sere
351 3883 512 3952 scripsimus,
532 3899 601 3954 quoa
619 3885 677 3956 ipsc
695 3885 848 3940 suisserlris
863 3903 895 3938 cx
912 3887 1041 3954 Erigonae
1059 3892 1214 3953 argumento

273 3969 398 4039 protulit.
436 3971 536 4024 Locum
555 3971 631 4024 illum
650 3972 683 4024 ds
702 3981 757 4024 unt.
776 3975 811 4037 ll,
835 3973 858 4025 1.
883 3975 1122 4044 praetermisimus:
1153 3988 1214 4022 euru

274 4056 346 4109 enim
365 4073 445 4129 supro
463 4058 485 4130 §.
503 4059 546 4112 42.
563 4059 615 4111 ium
634 4060 780 4130 posuimus.
813 4065 816 4070 '
