2934 4710
1142 341 1182 404 93

145 519 283 586 ordinem
303 517 434 597 babent,
470 518 510 580 ita
540 521 572 580 ut
591 519 715 599 quaevis
738 535 777 580 ex
797 520 925 600 ipsarum
946 537 1069 587 numero
1090 523 1183 603 prima

143 638 217 684 esse
236 621 354 700 possit,
383 619 413 685 S.
440 623 538 682 tamen
570 617 733 699 Dionysius
755 618 836 698 iure,
852 625 885 684 ut
905 621 1031 700 videtur,
1051 621 1105 686 bas
1127 623 1185 686 de-

142 739 211 784 cem
232 720 344 802 primas
368 719 540 783 constituit:
561 719 671 782 Perse
694 719 786 799 ipsam
810 719 939 799 bonitus,
961 739 1015 802 per
1035 739 1070 784 se
1091 723 1185 802 ipsam

142 824 299 900 essentia,
335 837 392 902 pcr
424 838 458 884 se
480 821 575 902 ipsum
598 822 679 898 vita,
706 839 761 901 per
789 837 823 884 se
845 823 939 903 ipsum
960 823 1056 902 ratio,
1076 841 1131 905 per
1150 841 1185 886 se

140 925 239 1004 ipsum
259 921 479 1004 intelligentia,
511 939 566 1002 per
596 938 630 984 se
658 922 750 1001 ipsam
772 923 938 1003 sapientia,
960 925 1184 1006 perseipsum

141 1025 248 1098 uirtus,
269 1041 324 1104 per
343 1040 378 1085 se
403 1023 528 1103 (ipsam)
548 1022 717 1098 beatitudo,
737 1040 792 1102 per
811 1040 845 1084 se
868 1023 960 1104 ipsam
984 1027 1108 1106 veritas,
1130 1043 1186 1105 per

140 1141 177 1186 se
196 1125 292 1206 ipsam
316 1124 477 1184 aeternitas
491 1129 532 1201 ¹⁷)
585 1107 684 1202 ¹Atque
710 1123 750 1184 ita
775 1123 853 1185 inter
874 1141 981 1186 causus
1003 1125 1186 1205 primordiu-

141 1225 200 1300 les,
224 1239 299 1304 quas
320 1241 420 1287 rerum
456 1225 585 1287 omniurn
618 1223 762 1304 principia
791 1223 884 1286 diuini
907 1226 1057 1305 sapientes
1080 1225 1185 1308 appel·

141 1325 216 1403 lant,
236 1331 306 1388 sunt
336 1341 443 1388 omnes
473 1327 599 1404 virtutes
630 1326 897 1405 conculcasse),
931 1345 1005 1410 quas
1041 1328 1133 1392 semel
1153 1335 1184 1390 et

142 1427 231 1490 simul
253 1425 340 1489 Pater
360 1426 432 1490 lecit
452 1428 481 1488 iu
502 1425 596 1503 Filio,
618 1433 650 1488 et
669 1426 833 1488 secundum
857 1445 931 1506 quas
953 1427 1029 1491 ordo
1051 1429 1182 1492 omnium

139 1545 242 1592 rerum
265 1544 284 1588 u
305 1542 420 1589 summo
454 1543 548 1606 usque
569 1523 710 1588 deorsum
731 1528 849 1602 texitur,
873 1525 902 1588 b.
926 1543 964 1606 e,
988 1529 1025 1590 ab
1047 1528 1183 1592 intellec.

139 1628 213 1692 tuali
234 1634 391 1708 creatura,
413 1645 490 1709 qaue
514 1627 572 1690 deo
594 1627 771 1706 posideum
793 1633 839 1688 cst
858 1629 1004 1708 proxima,
1026 1646 1120 1710 usquc
1142 1627 1182 1692 ad

137 1739 304 1794 extremum
323 1747 422 1792 rerum
447 1729 578 1791 omnium
598 1727 753 1808 ordinem,
785 1745 844 1810 quo
869 1745 997 1810 corpora
1021 1730 1181 1792 continen-

138 1838 215 1896 tur.“
238 1829 300 1913 llll,
323 1827 371 1909 14,
393 1833 406 1890 l
417 1849 427 1908 3
448 1827 483 1908 ll,
503 1829 571 1907 36.)

223 2064 406 2144 „visibilium
451 2080 551 2127 rerum
583 2063 683 2125 causis
719 2060 961 2143 primordialibus
990 2066 1037 2122 est
1069 2058 1179 2121 eximie

137 2166 306 2242 subtilitas,
330 2163 495 2227 tnettauttts
522 2167 648 2226 naturae
683 2159 855 2242 simplicitas
877 2176 973 2242 eaque
994 2160 1180 2236 obscuritas,

137 2283 218 2348 quae
253 2265 334 2328 nullo
366 2265 478 2327 coloris
499 2265 626 2342 lumine,
649 2263 727 2326 nulla
751 2265 912 2325 turmarum
935 2261 1117 2324 discretione
1141 2260 1181 2320 sit

136 2367 314 2429 declarata:
341 2364 550 2428 intellectualis
570 2381 644 2426 vero
668 2365 820 2426 essentiae
841 2379 951 2425 causae
972 2359 1179 2443 primordiales

135 2467 253 2530 babent
281 2465 614 2546 incomprehensibilem
649 2464 853 2541 altitudinem,
889 2462 1029 2525 infinitum
1058 2463 1104 2524 sut
1124 2475 1179 2542 pcr

135 2567 239 2630 cornia
263 2565 462 2642 dillusionem,
484 2581 561 2649 quae
583 2565 663 2627 nullo
684 2567 846 2646 percipitur
868 2563 969 2640 sensu,
992 2563 1072 2626 nullo
1089 2577 1177 2624 com-

133 2666 332 2750 prehenditur
365 2667 537 2745 intcllectu,
570 2683 702 2747 praeque
734 2665 891 2727 inellabilir
925 2679 998 2727 suae
1042 2665 1177 2744 puritatis

135 2767 318 2830 excellentia
362 2767 552 2830 tenebrarum
596 2766 717 2826 nomino
752 2769 924 2826 moruerunt
955 2763 1105 2844 appellari.
1136 2799 1178 2816 --

132 2869 182 2931 Ex
204 2867 360 2930 cllcctibus
390 2867 419 2929 h.
443 2885 470 2929 o.
493 2885 533 2928 ex
551 2864 796 2946 processionibus
820 2864 849 2928 in
871 2881 984 2946 genera
1006 2863 1177 2944 formasque

135 2968 297 3031 sensibiles
320 2973 408 3048 utque
430 2965 631 3048 intelligibiles
651 2971 893 3048 cognoscuntur,
926 2964 993 3046 quia
1015 2969 1092 3043 sunt,
1114 2979 1176 3025 non

133 3077 236 3134 umen
256 3068 469 3152 intelliguntur,
491 3068 561 3151 quid
582 3073 677 3130 sunt.“
702 3066 753 3146 (ll,
777 3068 826 3142 li,
849 3065 917 3142 90.)

621 3197 652 3266 s.
675 3185 725 3249 uo.

217 3304 267 3384 ,st
302 3304 368 3387 quis
401 3319 494 3366 nosse
528 3304 620 3380 velit,
651 3309 745 3365 utrum
770 3300 944 3385 principalia
966 3299 1016 3365 illu
1039 3297 1174 3381 exemplu

130 3423 167 3468 se
188 3403 255 3487 ipsa
276 3403 459 3488 intelligant,
491 3405 660 3487 priusquam
682 3405 712 3466 in
734 3421 796 3482 res,
820 3421 942 3485 quarum
963 3419 1074 3466 causae
1095 3405 1173 3481 sunt,

130 3591 410 3610 W

171 3701 215 3784 li)
234 3711 307 3762 llaec
325 3709 387 3761 ideo
405 3725 453 3779 per
478 3726 505 3763 ae
525 3727 582 3762 esra
608 3709 749 3774 dicuntur,
772 3709 847 3782 quod
875 3711 970 3776 „unius
988 3711 1171 3762 universorum

235 3813 332 3849 causae
350 3799 572 3868 participationes
591 3807 673 3861 suut,
691 3815 782 3870 aequre
801 3799 857 3848 ulla
877 3806 998 3849 creatura
1016 3797 1173 3866 interipsum

235 3893 262 3936 et
279 3901 359 3936 unam
379 3886 497 3936 omnium
518 3901 624 3936 eausam
644 3887 801 3956 interposita
824 3894 888 3938 est.⁴‘
904 3919 938 3930 --
951 3885 996 3958 (tt,
1014 3883 1061 3951 363
1079 3883 1124 3945 ltl.
1137 3884 1173 3952 b)

170 3969 215 4039 18)
235 3970 312 4040 Quae
339 3971 422 4024 verba
447 3973 480 4024 ab
509 3973 614 4028 lliortio
644 3982 786 4027 vertuntur
813 3979 851 4044 (p,
873 3971 1172 4046 70.)„utteut1udgeu‚

232 4058 396 4130 lebendiqen
415 4061 553 4132 bessibus!
572 4091 606 4106 -
