2944 4714
746 229 895 319 geg-

278 435 384 484 rorum
398 415 511 482 ibidem
527 415 749 498 quiescentium
764 424 940 484 sanctorum
955 413 1076 498 depicta
1089 415 1195 499 imago
1208 422 1270 498 eet,
1294 433 1367 482 eum

278 506 432 586 adscripto
450 505 538 572 titolo
552 505 672 570 beatae.

336 661 549 714 Fondntlon
565 671 661 724 pour
679 659 721 712 ln
737 655 936 712 solemnit&
953 659 1001 711 tle
1019 659 1060 710 11
1076 651 1312 716 mese-meu.

364 770 524 835 Universis
550 775 730 852 praesentes
757 767 875 832 litteras
903 768 1100 850 inspecturis.
1142 767 1291 849 Magister
1315 770 1368 834 W.

277 856 413 921 decanus
438 864 597 939 totumque
618 856 782 939 capitulum
807 855 957 919 ecclcsiae
977 856 1076 918 sancti
1098 854 1218 918 hlarlini
1232 855 1370 920 leodio.

276 944 411 1012 Salutem
428 948 459 1010 in
476 966 526 1025 eo,
542 947 595 1027 qui
611 953 659 1010 est
673 945 755 1008 salus
766 945 914 1006 omnium.
937 942 1089 1017 Quoniam
1099 948 1216 1022 tempus
1231 945 1370 1008 estsine

276 1051 364 1096 mora
380 1041 480 1098 motus
501 1052 605 1098 rerum
629 1031 817 1108 mutabilum,
843 1029 956 1094 Notum
978 1049 1049 1094 essa
1075 1028 1217 1094 volumus
1233 1037 1295 1094 tam
1312 1031 1370 1094 lu-

277 1121 357 1184 turis
373 1139 462 1202 quam
483 1121 707 1202 praesentibus,
728 1118 811 1199 quod
827 1117 970 1182 dominus
985 1118 1157 1198 Stephanus
1178 1117 1371 1184 cathanien-

276 1208 320 1272 sis
346 1215 454 1273 noster
479 1208 719 1286 concanonicus,
742 1206 781 1270 ob
796 1206 1001 1270 reverentiam
1016 1205 1101 1270 Fidei
1127 1204 1317 1286 catholicae,
1339 1217 1371 1272 et

275 1293 501 1360 solemnitatem
517 1296 704 1360 sacramenti
720 1294 837 1371 altaris,
853 1292 1140 1374 quamreverendus
1151 1300 1240 1373 pater
1255 1301 1291 1356 et
1305 1295 1370 1358 do·-

276 1383 378 1446 minus
394 1383 429 1444 H.
445 1383 504 1445 Dei
519 1384 618 1463 grstia
635 1381 716 1444 tituli
732 1381 862 1446 Sanctae
876 1381 1008 1448 Sabinae
1032 1380 1192 1461 presbyter
1208 1381 1370 1446 Cardine-

275 1469 315 1534 lis
333 1470 365 1532 in
379 1469 553 1546 Alemanin,
575 1468 774 1551 Apostolicae
788 1467 871 1532 sedis
886 1469 1031 1550 Legalus,
1054 1470 1086 1532 in
1101 1467 1240 1532 Ecclesia
1257 1479 1371 1534 nostra

275 1553 458 1620 solemniter
480 1555 660 1636 celebravit,
682 1555 888 1638 praedicando
909 1554 1144 1634 commendavit,
1167 1563 1199 1618 et
1216 1557 1370 1620 authori-

275 1649 339 1706 tate
353 1642 521 1724 legationis
536 1657 611 1709 suae
627 1644 803 1720 volentibus
818 1644 973 1708 concessit
994 1642 1207 1707 celebrandam
1216 1663 1226 1721 ;
1248 1643 1369 1709 volens

276 1748 344 1794 cam
366 1749 435 1794 curn
450 1733 577 1813 proprio
593 1731 695 1797 officio
718 1731 886 1795 lectionum
908 1739 939 1794 et
960 1731 1232 1811 responsoriorum
1256 1733 1369 1812 quinta

275 1817 353 1882 feria
368 1826 441 1900 post
463 1825 587 1884 octavas
603 1820 758 1883 Trinitatis
781 1818 912 1898 singulis
934 1819 1022 1882 annis
1045 1818 1205 1883 innostra
1229 1819 1367 1884 ecclesia

275 1907 456 1970 solemniter
472 1905 625 1988 duplicem
641 1906 807 1970 celebrari:
833 1905 951 1987 legavit
965 1905 1056 1969 nohis
1071 1925 1128 1987 pro
1144 1905 1228 1969 dicta
1241 1906 1365 1970 solem-

275 1994 384 2071 nitate,
406 1994 499 2059 modo
515 1995 672 2075 praedicto
694 1992 887 2071 celebranda,
909 2011 1017 2058 omnes
1032 1993 1149 2058 fructus
1164 1995 1365 2075 praebendae

276 2097 351 2144 sune
375 2089 435 2144 tarn
458 2082 627 2146 communis
652 2101 741 2164 quam
761 2080 931 2160 refectorii,
954 2099 1033 2162 quos
1056 2082 1197 2146 canonici
1223 2081 1364 2146 defuncti

274 2175 346 2249 post
361 2167 477 2234 obitum
492 2187 591 2247 suum,
615 2171 647 2233 in
671 2177 775 2234 nostra
790 2168 919 2232 ecclesia
935 2169 1097 2250 percipere
1119 2176 1364 2246 consueverunt,

275 2262 400 2336 practer
421 2257 539 2320 lroclus
564 2257 758 2338 praebendae
779 2274 835 2337 pro
859 2255 1031 2320 redditibus
1046 2256 1186 2322 emendis
1207 2257 1248 2320 ad
1267 2260 1362 2322 anni-

271 2344 444 2408 uersarium
460 2363 547 2408 suurn
564 2345 737 2409 laciendum
751 2346 841 2408 nobis
856 2345 1040 2425 assignatos.
1129 2397 1135 2410 .

360 2432 403 2498 lia
418 2439 521 2496 minen
546 2433 627 2513 quod
651 2432 793 2497 dominus
807 2430 943 2496 loannes
967 2432 1006 2495 de
1020 2431 1177 2510 Lemana,
1204 2431 1361 2498 Gerendus

273 2525 392 2598 cantor,
415 2518 593 2598 Balduinus,
614 2519 715 2602 lingo,
737 2526 769 2583 et
783 2519 940 2585 Arnoldus
963 2520 1061 2584 nostri
1084 2521 1299 2598 concanonici,
1320 2522 1361 2584 de

271 2603 398 2670 lieentia
414 2615 445 2669 et
460 2607 617 2672 uoluntate
643 2615 749 2673 nostra
765 2607 885 2672 fruetus
900 2613 1073 2688 praetactos
1088 2607 1241 2691 colligere
1253 2615 1284 2672 et
1297 2625 1358 2671 mr-

273 2691 391 2756 stodire
405 2694 488 2757 bona
502 2693 563 2759 lide
579 2702 734 2772 tenentur,
756 2695 856 2758 donec
878 2696 1079 2759 emendorum
1100 2695 1276 2759 reddituum
1295 2696 1358 2760 dc·

272 2779 374 2844 minus
399 2780 519 2846 dederit
545 2785 821 2864 opportunitatem:
845 2780 954 2863 emplis
969 2789 1070 2846 autem
1091 2782 1268 2846 redditibus
1283 2785 1358 2866 ipsis

272 2870 371 2947 primo
393 2865 565 2950 accipiendi
588 2879 660 2934 sunt
681 2871 792 2952 viginti
815 2868 933 2934 denarii
949 2870 986 2933 ad
1007 2868 1158 2934 luminare
1180 2871 1282 2934 dictae
1296 2871 1359 2938 So·

271 2953 439 3021 lemnitatis
454 2956 639 3038 iaciendum,
663 2965 694 3020 et
716 2963 847 3038 quatuor
868 2956 988 3020 denarii
1004 2958 1036 3020 in
1052 2959 1207 3040 campanis
1227 2959 1358 3039 pulsan-

272 3041 332 3120 dis,
353 3044 510 3108 residuum
532 3063 618 3108 more
640 3046 732 3109 solito
756 3043 794 3107 ad
810 3050 946 3109 nostram
963 3043 1051 3108 cedet
1070 3045 1287 3110 relectionem.
1325 3045 1358 3110 lo

271 3130 414 3195 omnibus
430 3131 575 3213 praelatis
589 3131 685 3195 Maria
706 3151 798 3196 soror
819 3131 936 3197 domini
952 3129 1100 3213 Stephani
1124 3133 1274 3215 praelecti
1298 3133 1358 3198 he-

271 3219 369 3301 nigne
384 3219 525 3300 praebuit
539 3238 711 3284 ascensum.
733 3219 798 3284 Nos
814 3227 913 3283 autern
929 3218 968 3282 ob
980 3223 1187 3285 reverentiam
1199 3220 1287 3285 bidei
1303 3239 1357 3284 ca·

270 3305 421 3384 thelicae,
452 3308 565 3388 pietate
591 3309 667 3370 moti
696 3305 733 3371 ab
762 3305 1001 3371 celebrationem
1031 3307 1131 3372 dictae
1151 3307 1356 3372 solemnitatis

270 3393 363 3458 modo
387 3401 561 3474 praelectae
576 3393 746 3458 laciendum
761 3394 940 3476 profitemur
962 3411 1020 3458 nos
1044 3413 1114 3460 esse
1134 3393 1302 3478 obligatos:
1324 3396 1357 3458 in

271 3481 359 3558 euius
381 3482 427 3546 rei
451 3485 659 3548 testimonium
675 3489 853 3562 praesentes
874 3481 992 3547 litteras
1008 3499 1068 3544 una
1083 3500 1152 3546 curn
1167 3484 1281 3566 sigillis
1295 3481 1357 3548 do·

270 3569 346 3632 mini
361 3568 509 3652 Stephani
532 3569 694 3653 praedicti,
718 3569 834 3634 domini
848 3567 975 3650 loannis
997 3568 1036 3632 dc
1055 3569 1213 3648 hosanna,
1239 3569 1356 3636 domini

272 3653 307 3718 G.
325 3654 478 3736 Cantoris,
501 3656 641 3722 balduini
662 3664 693 3720 ct
706 3656 837 3722 Arnoldi
861 3658 1140 3722 concanonicorum
1165 3663 1356 3738 nostrorum,

270 3739 376 3823 sigillo
401 3745 554 3810 ecelesiae
574 3751 699 3811 nostrae
722 3743 864 3809 duximus
891 3743 1091 3808 roborandas.
1135 3744 1247 3810 Actum
1273 3765 1355 3812 anno

271 3826 397 3894 Domini
410 3831 450 3896 bl.
468 3832 527 3898 CC.
545 3833 800 3916 quinquagesimo
815 3833 915 3913 primo
931 3849 1037 3898 mense
1050 3833 1224 3900 novembri.

322 3981 538 4038 Institutione
554 3988 603 4040 ele
620 3987 661 4039 l·
678 3979 774 4038 Fete
793 3985 842 4037 de
859 3986 899 4038 Ιι
917 3981 1127 4039 tres-relate
1145 3981 1300 4042 mernere.

357 4089 506 4158 Omnibus
528 4097 668 4160 Sanctam
685 4095 862 4159 Trinitatem
886 4094 1100 4162 confitentibus
1115 4095 1234 4160 Patrem
1253 4091 1353 4162 erii-

268 4173 353 4262 lium,
373 4188 406 4250 et
419 4181 565 4265 Spiritum
581 4185 742 4266 Sanetum5
765 4183 894 4284 latrem,
917 4181 1043 4266 plenum
1056 4185 1157 4267 licum
1176 4185 1209 4252 in
1227 4201 1276 4266 se,
1295 4179 1351 4250 pp,
