2938 4716
229 309 250 374 6

228 491 413 572 temporibus
441 493 498 554 nisl
526 491 687 574 Erigenarn
717 493 763 554 vel
783 493 872 563 etiam
894 493 1074 573 Eriugeuam
1097 493 1271 574 appellatum

230 608 290 654 non
312 595 444 668 essetl).
474 591 548 654 Nam
562 592 691 655 Thomas
709 591 817 690 Galeus
840 591 858 653 l.
882 592 900 654 l.
920 591 996 654 haec
1013 592 1117 655 habet:
1139 593 1268 672 „Omnes

231 690 354 754 codices
387 709 487 755 mmss.
518 710 578 755 uno
611 691 695 772 quasi
727 710 781 754 ore
803 699 833 754 et
853 698 997 774 perpetuu
1019 709 1090 772 prae
1113 711 1146 754 se
1171 691 1271 755 lerunt

230 801 281 856 aut
302 793 461 875 Erigonam
484 800 534 855 aut
553 792 733 874 Eriugenam
756 839 764 855 .
786 838 794 855 .
815 839 823 855 .
847 800 877 854 et
899 793 1018 874 quidem
1034 794 1063 856 in
1087 795 1270 874 antiquis-li-

229 895 293 956 hris
318 897 436 973 saepius
456 893 605 974 Eriugena
630 893 746 970 dicitur,
769 893 854 974 quain
877 893 1029 974 Erigona;
1057 901 1140 954 certe
1161 896 1190 955 in
1214 912 1269 955 co-

230 995 298 1055 dice
319 993 439 1055 ultimae
460 993 640 1072 antiquitatis
665 994 729 1072 (qui
752 1010 830 1055 nune
851 1000 987 1056 servatur
1010 996 1038 1055 in
1054 992 1186 1056 biblioth.
1202 991 1270 1054 col-

230 1093 302 1175 legii
331 1111 355 1155 s.
375 1093 524 1155 Trinitatis
547 1092 720 1170 Canium),
754 1111 813 1172 quo
837 1112 909 1156 usus
932 1101 979 1155 est
1000 1093 1137 1156 Usserius
1160 1093 1271 1154 Arina*

231 1193 344 1254 cianus
368 1197 398 1254 el
419 1209 479 1273 ego
500 1183 640 1273 quoque,
668 1193 809 1255 scribitur
841 1192 1010 1275 Eriugena,
1043 1211 1104 1254 nun
1130 1191 1270 1272 Erigone.
1297 1189 1298 1193 ’

230 1293 273 1354 lla
296 1308 413 1372 quoque
434 1291 578 1356 Suffridas
603 1292 691 1366 Petri,
713 1293 751 1352 ita
775 1295 804 1354 ia
826 1293 888 1355 suis
911 1296 1023 1372 reperit
1039 1294 1200 1372 Dionysius
1212 1292 1270 1351 l‘e-

228 1391 342 1469 tarius,
378 1393 419 1453 ita
452 1391 598 1471 Philippus
629 1390 797 1454 Labbeus‚“
827 1429 858 1438 -
893 1392 1016 1453 Constat
1042 1392 1170 1472 denique
1193 1392 1270 1451 inter

231 1509 348 1570 omnes,
369 1491 468 1555 Nostri
489 1492 672 1573 temporibus
693 1493 835 1573 plurimos
860 1509 899 1554 ex
919 1492 1059 1554 Hibernia
1085 1495 1115 1553 in
1147 1485 1269 1554 Galliam

231 1592 353 1655 venisse
373 1593 465 1670 virus,
489 1592 645 1655 doctrinae
668 1592 755 1653 laude
779 1591 936 1654 admodum
959 1593 1120 1671 llorenles,
1142 1611 1200 1653 nec
1223 1599 1272 1654 ta-

230 1709 300 1755 men
320 1691 408 1755 ulium
430 1693 575 1772 reperies,
598 1693 647 1772 qui
669 1693 832 1774 appellatus
852 1696 890 1754 sit
912 1693 1060 1774 Erigona3
1084 1711 1188 1754 omnes
1206 1694 1272 1754 sive

231 1793 323 1870 Scuti,
346 1795 410 1855 sive
431 1792 564 1871 hiberni,
593 1796 658 1855 sive
681 1795 916 1858 Scuto-Hiberni
938 1794 1123 1858 dicebantur.
1165 1793 1271 1856 Ericus

231 1892 350 1974 quidem
371 1893 645 1956 Autissiodorensis
668 1893 705 1956 ad
730 1894 866 1958 carolum
890 1895 1009 1958 Calvum
1033 1899 1072 1958 ila
1092 1896 1196 1984 scribit
1211 1899 1270 1977 ¹⁸)²

231 1993 329 2072 ,‚Quid
353 1993 522 2055 lliherniam
543 2012 722 2072 memorem,
752 2002 929 2078 contempto
962 1997 1059 2076 pelagi
1088 1997 1270 2070 discrimino,

232 2111 310 2176 pene
322 2101 385 2155 tolo
402 2112 468 2156 cum
485 2113 580 2177 grege
596 2096 838 2175 philosophorum
853 2097 889 2158 ad
907 2097 1003 2158 littura
1016 2102 1117 2159 nostra
1138 2097 1274 2182 migran-

232 2193 385 2256 teml“-
399 2193 511 2256 Eadem
526 2195 609 2257 dere
632 2197 748 2258 consuli
772 2204 871 2276 potest
891 2197 1018 2259 lacobus
1038 2198 1187 2272 Ueserim,
1209 2196 1273 2257 Ar·

234 2293 396 2355 machanus
411 2293 664 2375 archiepiscopus,
677 2296 707 2357 in
719 2295 905 2375 praefatione
917 2297 954 2358 ad
965 2295 1155 2376 epistolarum
1164 2296 1273 2358 lliher·

234 2393 367 2456 nicarum
384 2394 538 2476 syllogen:
562 2395 661 2474 piures
677 2397 755 2457 enim
771 2396 864 2458 hicce
878 2399 923 2457 vir
934 2397 1121 2460 doctissimus
1135 2403 1275 2458 recenset

234 2493 394 2570 llihernos,
416 2495 465 2576 qui
487 2513 541 2574 per
562 2495 660 2557 Caroli
685 2498 795 2578 magni,
819 2497 917 2558 Caroli
935 2497 1022 2570 calvi,
1044 2495 1158 2560 All'redi
1173 2497 1273 2576 rrragni

236 2599 369 2673 tempora
391 2593 525 2656 doctrina
548 2583 734 2676 praestantes
745 2599 912 2658 innotuere.
944 2597 998 2671 Qui
1013 2615 1086 2659 veru
1100 2600 1139 2659 ob
1151 2599 1273 2678 patriam

235 2693 406 2757 lliberniam
429 2695 560 2776 Erigena
583 2699 813 2778 cognominatus
834 2702 883 2774 sit,
905 2698 1043 2759 inventus
1063 2703 1109 2760 est
1131 2715 1229 2760 nemo.

319 2795 520 2859 Certissimum
553 2797 642 2879 igitur
661 2815 730 2859 esse
752 2807 905 2879 putamus,
941 2797 1081 2862 loannem
1113 2817 1173 2862 non
1202 2800 1272 2862 ideo

235 2913 305 2958 esse
328 2897 569 2979 cognominatum
590 2897 761 2979 Erigonam,
783 2906 814 2960 ut
845 2899 994 2962 indicetur
1022 2901 1080 2978 „ab
1112 2900 1183 2962 lirin
1216 2919 1274 2980 ge.

235 2997 314 3058 nitus
327 2999 378 3076 ἱ9),
399 2995 453 3058 sed
474 3013 643 3077 cognomen
663 2987 814 3078 Erigenae
839 3000 896 3079 ipsi
917 2999 1035 3062 aliunde
1060 3002 1193 3064 uenisse.
1242 3001 1274 3064 ld

236 3112 324 3176 quum
346 3095 547 3178 intelligerent
566 3097 624 3159 viri
651 3095 743 3176 docti,
765 3105 902 3180 coeptum
923 3109 970 3163 cst
992 3105 1193 3182 quercinum
1216 3118 1273 3162 ve-

236 3198 325 3279 stigia
346 3196 443 3278 aliqua
466 3194 783 3277 deprehenderentur,
812 3201 892 3264 unde
914 3201 1064 3284 Erigonae
1086 3221 1193 3266 numen
1216 3201 1273 3264 du-

239 3303 316 3361 ctum
341 3297 436 3359 rideri
457 3298 560 3379 possit

319 3401 379 3463 lam
401 3399 500 3461 cuncti
520 3405 703 3483 statuerunt,
735 3401 767 3464 id
787 3402 866 3486 quod
888 3419 945 3466 nos
966 3419 1084 3486 quoque
1104 3403 1274 3485 probamus,

275 3638 320 3704 17)
338 3637 372 3689 ei.
390 3635 487 3688 Thom.
506 3635 583 3688 Gale.
603 3637 621 3688 1.
641 3635 660 3686 l.
681 3645 753 3690 terti.
775 3654 799 3707 p.
816 3635 843 3688 9.

275 3739 320 3806 18)
339 3738 371 3791 cf.
388 3737 485 3790 Thon.
503 3739 606 3792 Moero.
624 3740 642 3791 l.
660 3741 678 3790 1.
699 3741 719 3792 i.
739 3739 781 3794 13.

275 3841 320 3912 19)
340 3841 426 3912 Supra
445 3841 559 3896 diximus
579 3844 625 3910 „in
644 3843 706 3896 Erin
725 3849 841 3896 natur:“
863 3843 1011 3895 accuratior
1032 3840 1214 3910 gramme-liene
1233 3857 1275 3891 ra-

340 3931 378 3982 tio
399 3931 587 3998 portrrlat„ab
607 3932 670 3985 Erin
692 3931 826 4000 genitus-¹‘
862 3931 903 3984 Cl.
931 3930 1088 4000 unguigeris,
1116 3928 1277 3996 alienigena,

337 4015 512 4087 Latonigenas.
530 4053 538 4070 .
557 4054 566 4070 .
