2944 4714
725 225 880 317 Q

254 419 286 478 et
308 413 541 492 consororibus,
564 411 597 476 in
619 411 788 496 cujuslibet
804 431 912 478 eorum
936 412 1045 478 mortis
1064 411 1198 478 amiculo
1219 412 1248 478 si
1269 431 1347 478 vere

253 502 497 584 poenitentes,=et
512 501 659 580 confessi,
674 519 711 564 ac
726 519 815 566 sacru
831 501 1050 566 communione
1064 500 1184 576 refecti,
1200 501 1253 578 vel
1265 519 1346 583 qna-

254 588 495 654 tenusidfacere
506 589 715 670 nequiverint,
731 588 840 652 saltem
856 589 1274 664 verecontritinomeulesu
1289 607 1347 652 ore

253 679 281 741 si
296 678 463 759 potuerint,
477 679 527 742 sin
542 683 656 756 autem,
672 676 768 742 corde
791 677 905 740 devote
919 677 1147 754 invocaverint,
1164 679 1256 740 etiam
1274 677 1348 758 ple-

253 783 382 828 narium.
399 795 400 804 ι

340 853 389 916 Ac
405 851 523 916 eisdem
539 869 622 916 nunc
638 855 669 914 ct
684 869 741 931 pro
759 857 898 932 tempore
914 851 1121 916 existentibus
1137 853 1347 918 confratribus

255 947 287 1003 et
301 942 524 1004 consororibus
541 940 635 1004 etiam
649 956 725 1002 vere
741 939 963 1020 connitentibus
978 946 1010 1002 et
1026 939 1191 1016 confessis,
1208 959 1244 1002 ac
1258 957 1347 1004 saera

255 1029 472 1092 communione
496 1027 634 1106 refectis,
657 1028 711 1106 qui
735 1044 844 1094 eorum
869 1027 1143 1102 confraternitatis,
1172 1027 1347 1106 ecclesiam,

254 1116 305 1179 vel
320 1115 465 1197 capellam
488 1134 545 1180 seu
559 1121 743 1193 cratonum,
768 1116 801 1178 iu
817 1115 868 1178 die
889 1115 970 1178 festo
992 1115 1180 1178 sanctissimi
1197 1115 1350 1196 Corporis

255 1203 379 1282 Christi,
395 1223 413 1266 a
427 1203 535 1286 primis
550 1201 702 1284 vesperis,
724 1219 825 1283 usque
841 1201 880 1265 ad
896 1219 1038 1266 occasum
1054 1202 1130 1265 solis
1145 1203 1217 1266 festi
1232 1203 1350 1283 hujus-

254 1291 349 1368 modi,
370 1290 503 1373 singulis
519 1291 608 1353 annis
630 1289 743 1352 devote
758 1291 956 1352 visitaverint
970 1296 1002 1351 et
1017 1289 1060 1351 ibi
1075 1307 1132 1370 pro
1149 1290 1351 1357 Christiano-

255 1397 323 1442 rum
348 1379 521 1459 principum
537 1376 715 1456 ooncordia,
739 1377 902 1440 haeresum
924 1377 1144 1456 extirpatione,
1166 1397 1202 1440 ao
1223 1387 1352 1443 sancme

255 1467 360 1528 matris
382 1465 534 1528 ecclesiae
558 1464 757 1542 exaltatione,
783 1465 849 1545 pias
865 1463 903 1526 ad
918 1464 1017 1526 Deum
1037 1483 1146 1545 preces
1169 1465 1351 1545 effuderint,

257 1552 425 1634 plenariam
442 1554 579 1616 omnium
595 1560 791 1633 peccatorum
808 1569 935 1615 suorum
951 1551 1173 1634 indulgentiam
1190 1556 1352 1618 etremis-

255 1641 374 1704 monem
391 1639 637 1704 misericorditer
651 1640 684 1702 in
699 1641 833 1702 Domino
851 1638 1069 1717 Goncedimus,
1086 1639 1265 1722 elargimur.
1294 1642 1350 1706 ln-

254 1742 349 1808 supcr
363 1727 454 1791 dictis
478 1727 697 1804 confratribus,
721 1734 752 1790 et
774 1727 1009 1805 consororibus,
1033 1727 1125 1790 etiam
1140 1747 1218 1790 vere
1241 1731 1351 1810 paeni-

255 1815 403 1894 tentibus,
427 1823 459 1880 et
481 1815 647 1892 confessis,
668 1832 706 1877 ac
727 1814 836 1878 eadem
851 1831 939 1876 sacra
962 1816 1181 1879 communione
1207 1817 1349 1894 refectis,

255 1903 421 1968 ecclesiam
437 1903 487 1966 vel
502 1902 662 1984 capellam,
687 1919 742 1965 seu
767 1902 935 1966 oratorium
952 1901 1130 1983 hujusmodi
1152 1904 1185 1965 in
1208 1921 1351 1986 concep-

240 1991 361 2068 ¹tionis,
371 1991 558 2068 Natiuitatis,
574 1989 808 2067 Purifrcationis,
825 1996 858 2052 et
869 1989 1224 2070 Assumptionislleatae
1235 1992 1351 2055 blariae

256 2078 395 2160 Virginis
412 2078 498 2142 festis
514 2078 634 2151 diebus,
651 2082 684 2139 ιιι
698 2077 873 2158 praefertur
888 2076 1095 2154 visitantibus,
1120 2084 1152 2138 et
1167 2078 1296 2159 ibidem,
1318 2087 1350 2142 ut

255 2183 359 2247 supra,
383 2166 541 2229 orantibus
557 2181 619 2246 quo
635 2165 686 2227 dic
702 2165 928 2246 praedictorum
944 2164 975 2228 id
991 2163 1125 2245 essperint,
1149 2173 1274 2246 septem
1290 2185 1350 2231 an-

255 2269 324 2332 nos,
340 2260 372 2316 et
386 2255 515 2318 totidem
530 2253 753 2334 quadragenas.

345 2341 474 2414 Quoties
488 2359 565 2406 vero
582 2341 685 2405 missis
700 2349 732 2404 et
745 2337 815 2404 allis
830 2339 946 2404 divinis
963 2338 1074 2404 officiis
1090 2340 1123 2404 in
1138 2339 1284 2418 ecclesia,
1300 2341 1350 2406 vel

259 2427 388 2508 capella,
412 2447 469 2492 seu
492 2429 628 2494 oratorio
649 2445 706 2507 pro
729 2435 870 2511 tempore
896 2427 1090 2492 celebrandis
1115 2433 1147 2492 et
1167 2429 1350 2507 recitandis,

258 2517 554 2598 congregationibus
570 2515 715 2597 publicis,
739 2517 791 2580 vel
806 2515 935 2596 privatis
950 2515 1239 2580 confraternitatum
1254 2535 1351 2598 prae-

259 2602 408 2666 dictarum
430 2605 534 2668 ubivis
554 2603 704 2668 faciendis
725 2603 935 2680 interfuerint,
960 2611 1013 2668 aut
1033 2621 1189 2684 pauperes
1214 2603 1349 2685 bospitio

258 2691 463 2770 susceperint,
479 2692 530 2754 vel
546 2710 653 2772 pacem
668 2691 749 2755 inter
762 2690 906 2755 inimicos
922 2693 1163 2773 composuerint,
1187 2709 1245 2755 seu
1260 2709 1348 2756 curn-

258 2777 333 2860 poni
349 2776 491 2855 feceriut,
507 2779 559 2845 vel
573 2779 820 2862 procuraverint,
836 2795 960 2843 necnon
970 2780 1062 2842 etiarn
1072 2779 1125 2860 qui
1141 2795 1274 2860 corpora
1288 2779 1350 2842 de-

258 2865 444 2946 functorum,
459 2875 519 2930 tam
535 2867 723 2932 confratrum
739 2872 772 2930 et
785 2885 989 2932 consororum
1005 2868 1156 2930 dictarum
1172 2867 1351 2931 confrater-

258 2956 401 3033 nitotum,
418 2973 508 3037 quam
524 2956 656 3019 aliorum
672 2954 710 3018 ad
725 2954 912 3036 sepulturam
928 2955 1162 3032 associaverint,
1186 2961 1240 3018 aut
1255 2971 1352 3034 quas-

259 3059 389 3122 cumque
404 3044 634 3123 processiones,
657 3042 696 3105 de
717 3041 841 3106 licentia
857 3042 1007 3106 ordinarii
1022 3042 1192 3119 faciendas,
1215 3043 1351 3106 sanub-

258 3132 430 3211 simumque
444 3131 656 3194 Eucharistiae
677 3130 916 3205 Sacramentum,
942 3136 1003 3193 ιιιιι
1028 3131 1060 3194 in
1083 3129 1349 3211 processionibus,

259 3236 350 3301 quam
375 3237 444 3283 cum
467 3218 505 3281 ad
527 3219 665 3282 infirmos
681 3223 735 3281 aut
748 3217 824 3282 alies
839 3219 1025 3298 ubicumque
1047 3223 1079 3281 ιι
1100 3216 1351 3299 quomodocum-

259 3325 320 3388 que
336 3323 392 3385 prc
408 3313 549 3388 tempore
575 3305 746 3382 deferetur,
770 3307 907 3371 meritati
920 3305 1047 3384 fuerint,
1070 3313 1125 3368 aut
1145 3306 1174 3369 si
1197 3306 1350 3387 impediti,

259 3411 424 3476 campanae
439 3396 479 3458 ad
494 3395 525 3458 ld
541 3395 635 3476 signo
651 3394 733 3472 dato,
748 3394 844 3458 semel
860 3393 1032 3458 orationem
1048 3393 1233 3457 dominicam
1250 3401 1283 3457 et
1296 3411 1350 3457 se-

258 3484 442 3547 lutatiouem
457 3483 629 3565 angelicam
645 3480 791 3558 dixerint,
813 3489 866 3545 aut
884 3481 975 3544 etiam
992 3481 1160 3564 quinquies
1177 3481 1350 3546 orationem

259 3575 292 3633 et
305 3569 519 3634 salutationem
543 3571 716 3652 praedictus
740 3587 796 3651 pro
812 3568 974 3633 animabus
989 3569 1206 3633 defunctorum
1222 3569 1350 3634 consta-

260 3663 352 3737 troro‚
375 3665 406 3722 et
421 3677 626 3724 consororum
642 3657 928 3721 confraternitatum
944 3655 1122 3739 hujusmodi
1136 3658 1350 3734 recitaverint,

259 3751 313 3808 aut
326 3754 519 3825 peccatorem
540 3747 673 3826 aliquem
698 3744 734 3807 ad
757 3747 838 3808 viam
858 3743 966 3809 salutis
980 3744 1172 3821 reduxerint,
1199 3751 1232 3807 et
1253 3745 1350 3825 igno-

259 3839 363 3896 rantes
379 3842 542 3915 praecepta
557 3833 625 3910 Dei,
646 3841 679 3897 et
700 3851 736 3896 ea
759 3850 837 3915 quae
864 3833 902 3895 ad
932 3832 1061 3896 salutem
1083 3837 1166 3910 sunt,
1186 3829 1352 3893 docuerint

260 3925 312 3982 aot
333 3920 547 4002 quodcumque
569 3922 692 4002 pietatis
716 3921 767 3983 vel
792 3921 949 3984 charitatis
972 3919 1023 3983 vel
1039 3935 1118 4002 opos
1138 3918 1351 3994 exercuerint,

260 4009 352 4072 toties
367 4024 424 4087 pro
435 4010 574 4090 quolibet
589 4027 717 4090 operum
733 4008 973 4087 praedictorum,
988 4007 1149 4088 sexaginta
1164 4005 1234 4070 dies
1247 4005 1289 4068 de
1297 4007 1351 4068 in-

256 4096 372 4176 J'unotis
388 4095 434 4159 eis
449 4115 506 4160 seu
521 4098 596 4160 alias
619 4091 851 4177 quomodolibet
865 4095 977 4160 debitis
992 4095 1184 4178 penitentis,
1201 4094 1234 4158 iu
1249 4093 1350 4159 foruna

260 4184 413 4250 ecclesiae
427 4191 576 4250 consueta
590 4185 776 4249 relaxamus.
