2934 4710
311 343 351 406 92

305 526 394 589 etiarn
418 524 474 604 ipsi
496 523 554 587 erit
574 515 787 584 occurendum.
844 514 942 596 Atque
961 514 1000 578 de
1024 514 1136 578 Natura
1160 529 1222 576 nou
1244 519 1353 576 ereata

304 629 426 688 creante
448 625 522 689 satis
541 629 588 685 est
611 621 732 684 dietum.
798 701 804 712 Ι

774 755 804 826 s.
825 747 875 811 93.

386 869 420 934 Β.
461 871 581 949 „Altera
613 867 744 932 Naturae
778 865 896 948 specius
929 867 976 927 est
997 881 1051 942 aa,
1074 879 1150 946 quaa
1174 866 1292 923 creatur
1314 868 1349 922 et

303 975 415 1032 creat.“

365 1069 469 1131 ⁴llaec
491 1084 552 1130 non
574 1069 632 1132 uisi
653 1069 682 1131 in
703 1063 942 1148 primordialibus
954 1065 1053 1126 causis
1065 1080 1174 1140 rerum,
1196 1068 1228 1124 ut
1249 1063 1351 1124 aesti-

301 1176 408 1247 matur,
432 1168 626 1252 intelligenda
658 1175 714 1232 est.
766 1167 853 1249 lpsae
883 1164 1092 1248 primordiales
1113 1182 1213 1246 rernm
1234 1179 1351 1225 causae

301 1289 320 1332 a
355 1269 479 1332 Graecis
514 1269 703 1350 πρωτότυπα
738 1267 767 1330 b.
801 1285 828 1335 e.
863 1264 1065 1348 primordialia
1108 1262 1264 1344 exemplu,
1295 1265 1349 1326 vel

300 1365 521 1451 npoopr'oprom
544 1369 573 1430 h.
597 1386 625 1430 e.
655 1368 964 1450 praedeslinalioneS,
987 1369 1056 1430 ilem
1078 1363 1150 1428 θεῖα
1180 1365 1349 1446 θελήματα

299 1465 330 1532 b.
355 1487 382 1532 a.
408 1469 527 1532 divinae
559 1469 748 1545 voluntates,
776 1469 825 1530 vel
854 1470 943 1530 etiam
971 1465 1054 1530 ἰδέαι
1076 1467 1103 1527 b.
1127 1484 1154 1526 a.
1178 1457 1302 1546 species
1319 1483 1347 1526 s.

294 1567 428 1648 ¹formae,
459 1570 631 1650 inquibus
661 1587 760 1632 rerum
785 1570 914 1631 omnium
937 1567 1153 1644 faciendarum,
1173 1566 1347 1647 priusquam

292 1675 414 1746 'assent
438 1669 637 1732 immutabiles
657 1669 791 1732 rationes
804 1668 944 1731 conditae
958 1675 1036 1746 sunt,
1059 1667 1157 1729 solunt
1176 1668 1281 1730 vorari
1296 1667 1346 1746 ι6).

299 1769 427 1834 -Nec
450 1771 596 1831 immerito
619 1771 664 1832 sio
679 1769 874 1851 appellantur,
896 1770 1035 1851 quoniam
1059 1775 1143 1849 paler
1164 1767 1191 1828 b.
1214 1786 1241 1828 e.
1258 1768 1347 1848 prin-

301 1869 409 1949 cipium
433 1871 565 1931 omnium
588 1907 629 1920 -
651 1871 681 1932 in
712 1870 806 1932 verbo
828 1887 903 1943 suo,
924 1869 1079 1950 unigenito
1109 1868 1250 1930 videlieet
1271 1867 1346 1946 filio,

301 1971 431 2031 omnium
453 1987 553 2033 rerum
574 1959 718 2048 rationes,
753 1987 827 2052 quas
847 1968 1001 2033 iaciendas
1021 1986 1090 2030 essa
1115 1967 1219 2047 voluit,
1243 1968 1346 2049 prius-

299 2086 386 2150 quam
407 2085 458 2131 res
479 2070 595 2150 suerent,
614 2069 855 2152 praeformavit.“
876 2111 916 2122 -
937 2069 990 2149 (ll,
1013 2071 1043 2148 2,
1067 2067 1133 2146 36.)

771 2217 803 2298 §.
826 2221 876 2284 ul.

382 2333 517 2414 „Causae
539 2335 629 2418 igilur
648 2337 867 2418 primordiales,
880 2354 967 2417 quum
987 2352 1048 2398 uon
1070 2335 1265 2417 quarundam,
1285 2336 1343 2397 sed

293 2434 429 2496 omnium
452 2435 610 2498 visibilium
623 2437 875 2516 invisibiliumque
887 2453 987 2498 rerum
1004 2453 1114 2498 causae
1134 2437 1203 2514 siut,
1215 2451 1343 2497 numero

295 2539 433 2612 careant,
465 2551 595 2596 necesse
630 2542 685 2598 est.
705 2575 745 2584 -
768 2535 951 2617 Quamquam
980 2543 1077 2598 autem
1105 2553 1204 2618 neque
1225 2543 1340 2598 camum

292 2754 585 2772 Ἢ

332 2903 377 2976 16)
396 2905 486 2972 Quum
506 2907 620 2981 Erigepa
646 2909 843 2961 Platonicorum
870 2907 1018 2962 doctrinam
1039 2909 1158 2962 deideis
1177 2909 1339 2962 inhaesus

400 2994 541 3048 decausis
571 2996 790 3066 primordialibus
808 2997 993 3066 disputatione
1018 2998 1133 3062 reserat,
1162 2999 1205 3050 vel
1224 2997 1339 3050 manime

395 3099 494 3152 operae
521 3083 636 3154 pretium
657 3085 751 3136 iecisse
771 3083 907 3147 ridemur,
937 3086 958 3137 si
978 3086 1046 3149 boc,
1074 3102 1129 3156 quo
1146 3103 1220 3138 nuuc
1238 3103 1339 3148 somnis,

399 3169 476 3232 loco,
507 3169 572 3240 quid
593 3171 703 3240 propria
721 3169 802 3224 inerit
822 3171 884 3222 idea
905 3173 1040 3224 Platonica
1052 3209 1061 3238 ,
1084 3175 1178 3242 paucis
1198 3173 1338 3224 monueri-

394 3273 461 3308 mus.
499 3259 609 3309 Utamur
623 3257 746 3310 bruckari
765 3258 861 3310 verbis.
896 3259 920 3312 ls
939 3261 1022 3328 igitur
1041 3262 1068 3312 in
1088 3262 1168 3319 „him
1187 3262 1246 3314 crit.
1267 3260 1337 3330 plril.

396 3351 462 3395 tom.
484 3343 528 3396 lll.
554 3363 580 3414 p.
600 3343 660 3397 905.
682 3344 753 3408 ‚baec
779 3346 884 3400 habet:
916 3348 1036 3413 „Platoni
1064 3349 1125 3401 idea
1143 3365 1199 3400 nou
1220 3357 1260 3399 rut
1278 3349 1336 3410 illu,

397 3447 467 3502 quas
496 3448 528 3484 ex
555 3421 785 3504 eoulemplationa
812 3434 979 3486 obiectorum
1008 3436 1181 3505 singularium
1208 3434 1337 3504 exsurgit,

393 3519 469 3570 notio
490 3521 659 3586 universatis,
680 3522 773 3591 reique
792 3521 906 3574 alicuius
924 3522 1057 3590 generalis
1082 3531 1227 3591 conseptus
1246 3550 1280 3562 -
1302 3549 1334 3562 -

396 3605 444 3656 sed
473 3607 552 3660 itlaaa
569 3616 632 3662 sont
661 3609 703 3660 illi
728 3609 881 3662 essentialia
910 3627 997 3662 rerum
1023 3612 1142 3662 omnium
1161 3608 1336 3677 singularium

394 3693 567 3764 exemplaris,
584 3693 736 3766 a'urooaulp
757 3695 908 3763 prandentis,
928 3697 961 3748 ad
983 3714 1095 3768 quorum
1116 3704 1234 3748 naturam
1254 3696 1336 3745 indo·

396 3777 505 3848 lemque
531 3796 573 3831 res
600 3781 749 3850 singulares
779 3782 909 3836 formatae
934 3794 1013 3848 aaut,
1038 3794 1066 3838 et
1095 3801 1167 3854 quas
1194 3783 1235 3836 hir
1253 3783 1334 3834 rebus

394 3882 499 3930 veram,
524 3875 624 3920 certans
648 3869 828 3940 stabilemque
857 3873 1000 3924 astantiam
1026 3873 1187 3941 largiuntur.
1220 3901 1254 3914 -
1280 3871 1336 3922 llas

395 3947 473 4004 ideae
494 3970 526 4004 ex
552 3953 644 4006 divina
674 3966 763 4010 mente
782 3959 905 4010 oriuntur
931 3961 1014 4030 inqua
1041 3977 1072 4014 aa
1101 3961 1267 4025 radicantur,
1288 3975 1335 4012 sua

395 4046 484 4090 antem
503 4042 612 4111 propria
630 4042 749 4110 gaudeat
768 4042 946 4098 substautias·
967 4075 999 4088 -
