2938 4716
1106 342 1144 406 81

124 517 185 580 dum
206 516 421 582 consuetudine
444 517 569 580 dicimus
592 533 661 581 csso
673 539 683 595 3
718 533 890 598 quaerero
912 520 1010 584 adbuc
1025 522 1054 583 iu
1078 523 1149 602 ipsis

123 629 239 684 mtume
271 619 386 682 sinibus
418 619 625 694 conlimatur,
662 637 721 680 nec
745 621 776 680 in
807 619 935 683 formata
968 625 1090 686 materia
1113 670 1152 686 ..

123 728 268 802 apparent,
292 719 397 780 eadem
424 719 640 780 consuetudine
665 717 790 782 dicimus
810 739 871 782 non
892 727 988 785 essct
1010 722 1049 803 (1,
1072 725 1119 802 5.)

198 937 346 1016 „Quartus
377 935 484 998 modus
505 937 667 998 secundum
705 935 897 1017 philosophos
938 955 1001 1000 uon
1041 943 1155 1019 impro-

122 1035 254 1098 bubditar
286 1054 323 1098 ea
356 1043 467 1102 tanturn
501 1054 575 1098 vere
617 1053 686 1099 esse
708 1037 795 1114 dicit,
817 1053 894 1118 quac
916 1039 982 1100 suto
1004 1039 1155 1101 intellectu

124 1137 428 1218 comprehenduntur;
452 1155 529 1218 qnae
553 1145 648 1199 nutum
665 1137 799 1200 locorum
813 1141 916 1219 spatiis
931 1145 1154 1221 temporumque

122 1240 243 1301 motibus
268 1238 660 1321 varianturpcottiguntur,
684 1237 839 1300 solvuntur
861 1273 902 1288 -
923 1257 995 1302 vere
1018 1241 1155 1302 dicuntur

123 1358 177 1402 non
200 1347 297 1403 esse.“
319 1339 357 1417 d,
379 1339 426 1416 b.)

200 1557 325 1630 Ouinius
347 1555 453 1618 modus
474 1557 503 1617 in
535 1555 600 1616 sota
621 1561 726 1616 natura
749 1537 875 1618 bumana
900 1557 1052 1619 aratione
1077 1573 1155 1619 con-

123 1656 248 1737 spicitur.
292 1657 486 1733 tineosum,
509 1657 646 1735 quoniam
671 1655 793 1716 divinae
812 1657 950 1738 imaginis
972 1658 1155 1738 dignitatem,

123 1760 225 1839 inqua
256 1759 379 1840 proprie
407 1757 553 1836 substitit,
585 1757 741 1838 peccando
763 1757 915 1838 deseruit,
946 1761 1052 1820 merito
1084 1775 1155 1820 usse

124 1878 201 1922 sunm
237 1859 385 1941 perdidit,
417 1865 446 1919 et
480 1857 548 1920 ideo
574 1859 682 1949 dicitur
702 1875 764 1918 uon
787 1875 877 1920 esse:
914 1858 981 1920 dum
1008 1875 1081 1920 uero
1105 1859 1154 1919 dei

121 1964 211 2040 gratia
243 1965 408 2022 restaurata
432 1956 469 2018 ad
490 1959 644 2040 pristinum
675 1957 858 2020 substantiae
882 1974 955 2020 suae
974 1964 1080 2020 statum
1102 1975 1156 2019 re-

123 2062 244 2139 ducitur,
268 2060 390 2122 inchoat
412 2060 584 2138 vivemus
605 2057 645 2138 (Ι,
668 2057 714 2136 7.)

591 2187 620 2255 s.
648 2175 679 2238 8.

197 2278 341 2340 Videmus
360 2277 482 2358 itaque,
504 2276 670 2338 cauendum
693 2291 778 2354 esse,
800 2293 839 2338 ne
861 2275 928 2354 iltis,
948 2292 1025 2357 quae
1046 2275 1153 2338 scotus

120 2377 243 2442 Naturae
265 2378 387 2440 nominc
411 2377 645 2456 comprehendit,
666 2375 858 2458 pluribusque
880 2377 978 2440 modis
1000 2382 1151 2454 nutasse,

120 2486 245 2542 autnon
268 2495 336 2540 csse
360 2478 419 2540 dici
441 2495 531 2557 posse
553 2477 696 2555 declarat,
716 2477 775 2538 ullu
798 2485 888 2558 pacto
912 2477 1058 2540 contineri
1084 2478 1153 2538 exi-

119 2581 266 2642 stimemus
300 2595 371 2657 res,
394 2595 470 2658 quae
488 2595 565 2656 ‚vero
586 2595 622 2640 ac
645 2580 765 2659 proprie
787 2579 885 2642 nudae
909 2581 970 2641 sint
992 2579 1150 2658 dicendae,

119 2697 190 2760 quac
211 2697 285 2742 uere
318 2697 354 2740 uc
384 2678 503 2758 proprie
523 2678 710 2758 reperiantur
730 2695 886 2760 nusquam.
937 2680 1036 2754 Quare
1057 2677 1149 2760 lunge

119 2780 171 2842 alia
195 2787 242 2843 est
271 2781 365 2858 ratio,
399 2797 464 2841 cum
486 2779 593 2843 Scotus
615 2785 739 2859 peccata
761 2786 1013 2860 peccatorumque
1034 2795 1149 2859 poenas

119 2897 182 2944 esse
203 2885 352 2962 negat²):
385 2885 509 2962 peccatu
537 2880 616 2941 enirn
637 2886 667 2941 et
687 2897 804 2960 poenae
826 2881 855 2943 ei
878 2897 951 2942 vere
973 2878 1051 2941 nulla
1074 2885 1152 2956 sunt,

120 2981 218 3061 quippe
240 2997 317 3061 quae
340 2979 396 3041 nisi
418 2981 447 3041 in
470 2997 589 3057 renum,
619 2995 697 3060 quae
728 2984 813 3058 sunt,
847 2979 1063 3060 privationibus
1086 2994 1148 3039 non

118 3080 360 3162 intelligantur-³).

586 3207 615 3276 ς.
644 3195 673 3258 u.

192 3297 226 3360 n.
279 3295 341 3359 iam
374 3311 447 3358 uero
485 3297 542 3358 ntia
585 3304 632 3359 est
673 3297 823 3378 mutuoque
863 3297 988 3379 gravior
1016 3295 1147 3360 Naturae

118 3395 229 3461 divisio.

124 3541 378 3552 ψ

164 3610 190 3678 1)
215 3609 370 3662 deducetur
398 3607 525 3660 videlicet
550 3605 715 3677 aliquando,
739 3605 919 3676 quodcunque
939 3611 979 3658 est
1006 3603 1143 3658 {ruminum

206 3705 248 3762 (et
267 3714 326 3750 com
346 3695 500 3749 tromimibur
520 3696 600 3746 etiam
619 3695 724 3766 reliqua
744 3693 906 3756 „visibilium
921 3708 1005 3743 rerum
1018 3691 1144 3756 nutrirat)

207 3784 419 3836 substantialiter
442 3785 471 3836 in
496 3781 676 3836 substantium
705 3780 829 3838 diuinum.
864 3779 959 3855 ¹Quod
975 3777 1046 3832 infru
1065 3777 1146 3829 latiur

216 3888 388 3942 exponemus.

167 3959 197 4027 2)
215 3959 247 4012 ti.
267 3961 331 4030 Sop.
351 3975 409 4029 cap.
427 3957 472 4010 tv,
494 3963 551 4008 nob.
570 3955 606 4010 28
623 3973 699 4030 seqq.

163 4045 194 4115 3)
212 4049 246 4101 ci.
266 4048 301 4100 de
319 4047 373 4101 dir.
394 4055 450 4099 nat.
471 4046 491 4111 Ι,
510 4044 535 4096 3.
554 4073 588 4088 -
