2944 4714
590 247 744 336 ..ιζ-1-

132 439 198 520 bus,
214 435 553 504 etconlralcmitatibus
567 435 937 520 secudmiumeorumquo
950 435 1143 504 secularium
1159 454 1217 502 aa·

134 546 266 609 rumque
284 524 508 608 superioribus,
527 532 558 588 et
576 525 645 590 aliis
664 526 822 606 quibusvis
841 529 985 608 personis
999 527 1219 610 cujuscumque

131 623 237 691 status,
258 615 384 700 gradum,
401 613 531 692 ordinis,
551 613 750 692 conditionis,
764 611 924 696 dignitatis
935 622 967 680 ct
977 617 1218 698 praeminentis

132 706 334 769 existentibus
343 703 399 768 sub
407 701 828 783 quibuscumquorerborum
838 702 946 767 lormis
957 711 989 768 et
997 705 1169 783 tenoribus,
1179 703 1217 768 ad

132 792 395 874 derogatorinrum
416 791 636 873 derogatoriis,
653 789 785 872 aliisque
800 791 1024 857 efficacioribus
1044 800 1075 856 et
1084 792 1218 856 insolitis

132 879 284 959 clausulis,
301 897 423 944 necnon
438 879 641 958 irritantibus,
656 886 688 942 et
703 879 773 943 aliis
785 879 918 944 decretis
936 881 968 943 in
986 879 1167 962 generevel
1186 881 1218 943 in

131 969 249 1049 specie,
261 973 381 1033 etmolu
390 967 531 1048 proprio,
541 974 571 1029 ct
579 965 847 1046 consistorialiter,
862 975 893 1030 et
907 966 983 1032 olias
995 967 1219 1051 quantumlibet

131 1057 163 1118 in
175 1058 362 1121 contrarium
370 1055 611 1137 premissorum,
627 1062 659 1118 et
675 1055 792 1136 pluries
806 1057 976 1131 concessis,
990 1055 1169 1138 approbatis
1187 1061 1218 1117 ct

133 1141 595 1227 invocatisquibusomnibusel
606 1141 749 1223 singulis,
762 1150 793 1206 et
810 1141 1036 1224 siproillorum
1054 1141 1219 1206 sufficienti

132 1229 333 1311 derogatione
342 1231 380 1294 de
389 1229 450 1293 illis
459 1248 606 1310 ecumque
624 1231 696 1294 totis
712 1232 882 1311 tenoribus,
893 1231 1050 1312 specialis,
1065 1228 1218 1312 specifica,

131 1335 277 1398 expressa
286 1327 317 1383 et
331 1317 500 1396 individuo,
517 1336 580 1382 non
597 1326 698 1382 autem
716 1337 772 1399 por
788 1319 942 1383 clausulas
957 1318 1121 1400 generales
1136 1317 1217 1380 idem

131 1405 331 1486 importunes
341 1407 463 1484 mentis,
472 1424 530 1469 seu
543 1407 660 1487 qumvis
671 1405 729 1470 alia
737 1409 897 1488 expressio
907 1407 1048 1472 babendo
1056 1413 1108 1470 aut
1116 1403 1219 1486 aliqua

131 1493 189 1556 alia
201 1497 354 1576 exquisita
364 1495 462 1558 forma
474 1492 513 1557 ad
525 1493 585 1556 hoc
595 1493 747 1558 servanda
756 1495 978 1572 lorctillorum
994 1504 1131 1572 tenores,
1141 1511 1178 1557 oo
1191 1492 1220 1556 si

131 1581 304 1645 adverbum
314 1583 573 1663 exprimerentur,
586 1588 617 1644 ot
625 1582 1049 1664 insererenturpraesentibus
1057 1600 1114 1664 pro
1126 1581 1219 1662 pleno

132 1669 359 1733 etsulbcienter
369 1668 538 1749 expressis,
548 1675 579 1731 et
591 1669 955 1751 insertisbabentes,illis
965 1671 1040 1736 olias
1051 1671 1083 1732 in
1097 1686 1219 1733 sucro«

130 1755 206 1820 bore
219 1757 429 1838 permansuris
441 1755 500 1820 lrac
515 1755 585 1820 vioe
601 1755 768 1837 dumtaxat,
781 1760 888 1823 barum
904 1761 986 1823 serie
1000 1756 1177 1840 specialiter
1188 1764 1219 1820 et

132 1863 280 1928 expresso
292 1845 491 1924 derogamus,
507 1845 691 1926 caeterisque
706 1847 871 1912 contrariis
887 1847 1140 1929 quibuscumque,
1153 1845 1219 1908 Du-

132 1943 194 2000 tum
203 1935 308 1998 llomae
315 1931 396 2012 apud
405 1931 435 1996 S.
444 1931 567 1996 Petrum
576 1932 632 1995 sub
639 1932 933 2001 AnnuloPiscatoris
942 1935 993 1998 die
1001 1935 1025 2014 l,
1039 1933 1219 1998 Decembris

133 2019 216 2088 1604
222 2019 417 2085 Pontificatus
425 2021 524 2083 nostri
534 2037 614 2085 anno
626 2019 674 2085 13.
685 2022 834 2088 Volentes
842 2032 873 2088 et
881 2023 1086 2088 decernentes
1098 2021 1147 2086 bis
1156 2040 1219 2088 no·

132 2107 322 2176 strislitteris
334 2106 564 2172 eandcmlidem
574 2107 776 2174 adhibendam
793 2129 872 2191 osse,
882 2130 949 2194 quae
959 2110 1150 2192 praeinsertis
1162 2110 1219 2175 lil-

131 2201 206 2265 tcris
222 2197 433 2271 adhiberetur,
448 2197 476 2259 si
491 2197 596 2261 loront
610 2198 756 2262 exbibitae
773 2198 822 2262 vel
838 2207 982 2266 ostense.

216 2287 388 2368 inquorum
398 2283 573 2348 omniumct
584 2284 777 2368 singulorum
792 2286 881 2352 iidem
898 2289 1146 2354 ettestimonibm
1161 2285 1217 2357 bas

130 2385 251 2441 nostros
260 2376 380 2439 litteras
400 2373 515 2436 exindo
531 2373 610 2453 deri,
625 2383 656 2439 et
664 2392 720 2456 per
738 2381 853 2441 nostrae
870 2378 1218 2446 archiconlroternitalis

130 2464 334 2531 Secretarium
347 2461 499 2524 subscribi
509 2467 540 2524 et
549 2463 699 2544 publicari
709 2464 974 2542 nrondauimus,ac
983 2464 1156 2547 sigillorum
1165 2469 1217 2551 ipa

129 2554 193 2616 sius
213 2549 399 2634 protectoris
407 2556 439 2612 et
453 2547 803 2616 archiconlroternilatis
810 2553 959 2632 jussimus
974 2561 1006 2618 ct
1018 2554 1146 2621 lecimus
1158 2577 1217 2640 spa

130 2636 535 2720 pensionemuniri.llatum
544 2638 1217 2729 Ronaeinlccosolitonosrraecongregatioa

133 2728 181 2791 nis
191 2746 272 2791 anno
281 2725 602 2791 aNativitathomini
615 2727 930 2794 nostrilesu-Cbristi
942 2732 1216 2810 monumentor,

130 2817 244 2878 mensis
260 2813 411 2890 octobris,
422 2812 620 2878 Pontificatus
630 2822 731 2878 autem
745 2817 927 2881 sanctissimi
947 2820 979 2880 in
988 2817 1110 2884 Christo
1119 2821 1217 2886 Patris

128 2909 160 2965 ot
176 2902 213 2964 b.
227 2901 262 2964 N.
272 2900 397 2963 Domini
411 2898 579 2966 Clementis
589 2902 693 2966 divina
708 2903 904 2985 providentio
920 2905 970 2970 PP.
987 2905 1039 2968 lll.
1057 2925 1139 2973 anno
1149 2910 1217 2990 ejus

128 3007 226 3053 nono.
263 2988 522 3069 subscripserunt
537 2997 601 3054 tres
617 2991 669 3072 qui
685 3009 796 3072 supro,
812 3000 843 3056 et
859 2995 889 3056 in
904 2993 965 3057 dne
980 2994 1134 3075 signatum
1151 3003 1217 3060 erat

128 3076 262 3142 'lbomos
277 3077 451 3160 Sportellos
468 3079 655 3143 secretarius
671 3098 738 3144 corn
754 3083 945 3162 appensione
961 3081 1068 3162 sigilli.
