<?xml version="1.0" encoding="UTF-8"?>
<!DOCTYPE html PUBLIC "-//W3C//DTD XHTML 1.0 Transitional//EN"
    "http://www.w3.org/TR/xhtml1/DTD/xhtml1-transitional.dtd">
<html xmlns="http://www.w3.org/1999/xhtml" xml:lang="en" lang="en">
 <head>
  <title>
</title>
<meta http-equiv="Content-Type" content="text/html;charset=utf-8" />
  <meta name='ocr-system' content='tesseract 3.04.00' />
  <meta name='ocr-capabilities' content='ocr_page ocr_carea ocr_par ocr_line ocrx_word'/>
</head>
<body>
  <div class='ocr_page' id='page_1' title='image "./deioannescotoer00unkngoog_0096.png"; bbox 0 0 2938 4716; ppageno 0'>
   <div class='ocr_carea' id='block_1_1' title="bbox 1120 367 1163 432">
    <p class='ocr_par' dir='ltr' id='par_1_1' title="bbox 1120 367 1163 432">
     <span class='ocr_line' id='line_1_1' title="bbox 1120 367 1163 432; baseline 0 0"><span class='ocrx_word' id='word_1_1' title='bbox 1120 367 1163 432; x_wconf 81' lang='grc'><strong>89</strong></span> 
     </span>
    </p>
   </div>
   <div class='ocr_carea' id='block_1_2' title="bbox 131 545 1164 1214">
    <p class='ocr_par' dir='ltr' id='par_1_2' title="bbox 131 545 1164 1214">
     <span class='ocr_line' id='line_1_2' title="bbox 135 545 1162 631; baseline 0.008 -23"><span class='ocrx_word' id='word_1_2' title='bbox 135 548 170 609; x_wconf 87' lang='lat' dir='ltr'><strong>tia</strong></span> <span class='ocrx_word' id='word_1_3' title='bbox 190 547 312 629; x_wconf 82' lang='lat' dir='ltr'><strong>inpicet,</strong></span> <span class='ocrx_word' id='word_1_4' title='bbox 348 563 402 610; x_wconf 89' lang='lat' dir='ltr'><strong>sua</strong></span> <span class='ocrx_word' id='word_1_5' title='bbox 436 548 568 610; x_wconf 83' lang='lat' dir='ltr'><strong>essentia</strong></span> <span class='ocrx_word' id='word_1_6' title='bbox 591 545 711 612; x_wconf 84' lang='lat' dir='ltr'><strong>eiiciat.</strong></span> <span class='ocrx_word' id='word_1_7' title='bbox 752 547 857 628; x_wconf 84' lang='lat' dir='ltr'><strong>itaque</strong></span> <span class='ocrx_word' id='word_1_8' title='bbox 880 555 990 616; x_wconf 70' lang='lat' dir='ltr'><strong>unium</strong></span> <span class='ocrx_word' id='word_1_9' title='bbox 1013 553 1162 631; x_wconf 71' lang='lat' dir='ltr'><strong>abaetat</strong></span> 
     </span>
     <span class='ocr_line' id='line_1_3' title="bbox 133 647 1163 733; baseline 0.003 -20"><span class='ocrx_word' id='word_1_10' title='bbox 133 651 247 730; x_wconf 80' lang='lat' dir='ltr'><strong>Senius,</strong></span> <span class='ocrx_word' id='word_1_11' title='bbox 278 665 368 729; x_wconf 85' lang='lat' dir='ltr'><strong>quum</strong></span> <span class='ocrx_word' id='word_1_12' title='bbox 397 647 619 711; x_wconf 77' lang='lat' dir='ltr'><strong>aristotelicam</strong></span> <span class='ocrx_word' id='word_1_13' title='bbox 652 649 806 712; x_wconf 75' lang='lat' dir='ltr'><strong>essemiaa</strong></span> <span class='ocrx_word' id='word_1_14' title='bbox 839 653 1041 732; x_wconf 68' lang='lat' dir='ltr'><strong>categoriam,</strong></span> <span class='ocrx_word' id='word_1_15' title='bbox 1061 659 1163 733; x_wconf 86' lang='lat' dir='ltr'><strong>utputa</strong></span> 
     </span>
     <span class='ocr_line' id='line_1_4' title="bbox 135 747 1162 832; baseline 0.004 -22"><span class='ocrx_word' id='word_1_16' title='bbox 135 749 178 810; x_wconf 91' lang='lat' dir='ltr'><strong>cui</strong></span> <span class='ocrx_word' id='word_1_17' title='bbox 196 749 361 829; x_wconf 84' lang='lat' dir='ltr'><strong>oppositum</strong></span> <span class='ocrx_word' id='word_1_18' title='bbox 386 749 424 810; x_wconf 88' lang='lat' dir='ltr'><strong>sit</strong></span> <span class='ocrx_word' id='word_1_19' title='bbox 446 747 578 827; x_wconf 82' lang='lat' dir='ltr'><strong>nihilum,</strong></span> <span class='ocrx_word' id='word_1_20' title='bbox 603 766 670 810; x_wconf 90' lang='lat' dir='ltr'><strong>curn</strong></span> <span class='ocrx_word' id='word_1_21' title='bbox 693 749 778 828; x_wconf 89' lang='lat' dir='ltr'><strong>deus,</strong></span> <span class='ocrx_word' id='word_1_22' title='bbox 803 751 881 830; x_wconf 87' lang='lat' dir='ltr'><strong>quod</strong></span> <span class='ocrx_word' id='word_1_23' title='bbox 906 753 963 832; x_wconf 89' lang='lat' dir='ltr'><strong>ipsi</strong></span> <span class='ocrx_word' id='word_1_24' title='bbox 987 759 1162 832; x_wconf 79' lang='lat' dir='ltr'><strong>opponatur,</strong></span> 
     </span>
     <span class='ocr_line' id='line_1_5' title="bbox 133 846 1163 931; baseline -0.002 -21"><span class='ocrx_word' id='word_1_25' title='bbox 133 865 189 910; x_wconf 89' lang='lat' dir='ltr'><strong>non</strong></span> <span class='ocrx_word' id='word_1_26' title='bbox 208 849 332 926; x_wconf 88' lang='lat' dir='ltr'><strong>habeat,</strong></span> <span class='ocrx_word' id='word_1_27' title='bbox 362 846 400 909; x_wconf 92' lang='lat' dir='ltr'><strong>de</strong></span> <span class='ocrx_word' id='word_1_28' title='bbox 429 848 551 908; x_wconf 86' lang='lat' dir='ltr'><strong>numine</strong></span> <span class='ocrx_word' id='word_1_29' title='bbox 578 864 633 912; x_wconf 89' lang='lat' dir='ltr'><strong>suo</strong></span> <span class='ocrx_word' id='word_1_30' title='bbox 655 848 756 912; x_wconf 86' lang='lat' dir='ltr'><strong>divino</strong></span> <span class='ocrx_word' id='word_1_31' title='bbox 776 851 896 930; x_wconf 83' lang='lat' dir='ltr'>proprie</span> <span class='ocrx_word' id='word_1_32' title='bbox 916 850 1086 931; x_wconf 87' lang='lat' dir='ltr'><strong>praedicari</strong></span> <span class='ocrx_word' id='word_1_33' title='bbox 1108 870 1163 914; x_wconf 93' lang='lat' dir='ltr'><strong>ne.</strong></span> 
     </span>
     <span class='ocr_line' id='line_1_6' title="bbox 132 948 1163 1032; baseline 0.002 -22"><span class='ocrx_word' id='word_1_34' title='bbox 132 955 240 1030; x_wconf 65' lang='lat' dir='ltr'><strong>cutm),</strong></span> <span class='ocrx_word' id='word_1_35' title='bbox 264 948 381 1012; x_wconf 90' lang='lat' dir='ltr'><strong>idcirco</strong></span> <span class='ocrx_word' id='word_1_36' title='bbox 403 965 502 1010; x_wconf 86' lang='lat' dir='ltr'><strong>rerum</strong></span> <span class='ocrx_word' id='word_1_37' title='bbox 523 949 896 1012; x_wconf 86' lang='lat' dir='ltr'><strong>universitatisessentiam</strong></span> <span class='ocrx_word' id='word_1_38' title='bbox 920 951 958 1014; x_wconf 87' lang='lat' dir='ltr'><strong>dc</strong></span> <span class='ocrx_word' id='word_1_39' title='bbox 980 952 1047 1032; x_wconf 83' lang='lat' dir='ltr'><strong>ipsu</strong></span> <span class='ocrx_word' id='word_1_40' title='bbox 1069 950 1163 1030; x_wconf 88' lang='lat' dir='ltr'><strong>tollat,</strong></span> 
     </span>
     <span class='ocr_line' id='line_1_7' title="bbox 131 1049 1164 1134; baseline 0.007 -25"><span class='ocrx_word' id='word_1_41' title='bbox 131 1054 161 1110; x_wconf 87' lang='lat' dir='ltr'><strong>ut</strong></span> <span class='ocrx_word' id='word_1_42' title='bbox 179 1067 242 1111; x_wconf 86' lang='lat' dir='ltr'><strong>canr</strong></span> <span class='ocrx_word' id='word_1_43' title='bbox 268 1049 380 1112; x_wconf 82' lang='lat' dir='ltr'><strong>diserte</strong></span> <span class='ocrx_word' id='word_1_44' title='bbox 400 1049 457 1130; x_wconf 87' lang='lat' dir='ltr'><strong>ipsi</strong></span> <span class='ocrx_word' id='word_1_45' title='bbox 479 1049 644 1130; x_wconf 82' lang='lat' dir='ltr'><strong>relinquat,</strong></span> <span class='ocrx_word' id='word_1_46' title='bbox 671 1056 760 1132; x_wconf 86' lang='lat' dir='ltr'><strong>atque</strong></span> <span class='ocrx_word' id='word_1_47' title='bbox 781 1050 860 1114; x_wconf 90' lang='lat' dir='ltr'><strong>adeo</strong></span> <span class='ocrx_word' id='word_1_48' title='bbox 881 1052 970 1134; x_wconf 83' lang='lat' dir='ltr'><strong>plana</strong></span> <span class='ocrx_word' id='word_1_49' title='bbox 991 1069 1030 1115; x_wconf 86' lang='lat' dir='ltr'><strong>aa</strong></span> <span class='ocrx_word' id='word_1_50' title='bbox 1051 1051 1164 1118; x_wconf 81' lang='lat' dir='ltr'><strong>diserta</strong></span> 
     </span>
     <span class='ocr_line' id='line_1_8' title="bbox 132 1149 242 1214; baseline 0.009 -2"><span class='ocrx_word' id='word_1_51' title='bbox 132 1149 242 1214; x_wconf 82' lang='lat' dir='ltr'><strong>tribuat</strong></span> 
     </span>
    </p>
   </div>
   <div class='ocr_carea' id='block_1_3' title="bbox 584 1265 700 1340">
    <p class='ocr_par' dir='ltr' id='par_1_3' title="bbox 584 1265 700 1340">
     <span class='ocr_line' id='line_1_9' title="bbox 584 1265 700 1340; baseline -0.017 -9"><span class='ocrx_word' id='word_1_52' title='bbox 584 1271 615 1340; x_wconf 73' lang='lat'><strong>5·</strong></span> <span class='ocrx_word' id='word_1_53' title='bbox 650 1265 700 1332; x_wconf 75' lang='lat'><strong>20.</strong></span> 
     </span>
    </p>
   </div>
   <div class='ocr_carea' id='block_1_4' title="bbox 123 1381 1162 2872">
    <p class='ocr_par' dir='ltr' id='par_1_4' title="bbox 123 1381 1162 2872">
     <span class='ocr_line' id='line_1_10' title="bbox 204 1381 1162 1463; baseline 0.001 -18"><span class='ocrx_word' id='word_1_54' title='bbox 204 1382 244 1445; x_wconf 80' lang='lat' dir='ltr'><strong>At</strong></span> <span class='ocrx_word' id='word_1_55' title='bbox 267 1388 432 1444; x_wconf 88' lang='lat' dir='ltr'><strong>occurrent</strong></span> <span class='ocrx_word' id='word_1_56' title='bbox 454 1381 563 1461; x_wconf 88' lang='lat' dir='ltr'><strong>nubis,</strong></span> <span class='ocrx_word' id='word_1_57' title='bbox 586 1383 753 1463; x_wconf 87' lang='lat' dir='ltr'><strong>quicunque</strong></span> <span class='ocrx_word' id='word_1_58' title='bbox 773 1381 972 1460; x_wconf 86' lang='lat' dir='ltr'><strong>attenderunt,</strong></span> <span class='ocrx_word' id='word_1_59' title='bbox 1002 1399 1058 1459; x_wconf 88' lang='lat' dir='ltr'><strong>co,</strong></span> <span class='ocrx_word' id='word_1_60' title='bbox 1081 1381 1162 1463; x_wconf 80' lang='lat' dir='ltr'><strong>quoa</strong></span> 
     </span>
     <span class='ocr_line' id='line_1_11' title="bbox 131 1481 1161 1564; baseline 0.004 -22"><span class='ocrx_word' id='word_1_61' title='bbox 131 1481 254 1564; x_wconf 81' lang='lat' dir='ltr'><strong>Erigena</strong></span> <span class='ocrx_word' id='word_1_62' title='bbox 278 1483 367 1545; x_wconf 87' lang='lat' dir='ltr'><strong>deurn</strong></span> <span class='ocrx_word' id='word_1_63' title='bbox 400 1501 424 1546; x_wconf 86' lang='lat' dir='ltr'><strong>a.</strong></span> <span class='ocrx_word' id='word_1_64' title='bbox 448 1483 587 1547; x_wconf 77' lang='lat' dir='ltr'><strong>Naturam</strong></span> <span class='ocrx_word' id='word_1_65' title='bbox 611 1500 674 1546; x_wconf 91' lang='lat' dir='ltr'><strong>nou</strong></span> <span class='ocrx_word' id='word_1_66' title='bbox 711 1488 841 1545; x_wconf 87' lang='lat' dir='ltr'><strong>creatam</strong></span> <span class='ocrx_word' id='word_1_67' title='bbox 871 1489 1038 1563; x_wconf 86' lang='lat' dir='ltr'><strong>creantem,</strong></span> <span class='ocrx_word' id='word_1_68' title='bbox 1072 1499 1161 1564; x_wconf 68' lang='lat' dir='ltr'><strong>mrum</strong></span> 
     </span>
     <span class='ocr_line' id='line_1_12' title="bbox 127 1582 1161 1664; baseline 0.005 -22"><span class='ocrx_word' id='word_1_69' title='bbox 127 1583 163 1642; x_wconf 84' lang='lat' dir='ltr'><strong>ab</strong></span> <span class='ocrx_word' id='word_1_70' title='bbox 203 1583 288 1644; x_wconf 90' lang='lat' dir='ltr'><strong>initio</strong></span> <span class='ocrx_word' id='word_1_71' title='bbox 333 1590 460 1662; x_wconf 84' lang='lat' dir='ltr'><strong>quatuor</strong></span> <span class='ocrx_word' id='word_1_72' title='bbox 506 1583 637 1647; x_wconf 90' lang='lat' dir='ltr'><strong>Naturae</strong></span> <span class='ocrx_word' id='word_1_73' title='bbox 675 1582 794 1664; x_wconf 88' lang='lat' dir='ltr'><strong>species</strong></span> <span class='ocrx_word' id='word_1_74' title='bbox 836 1583 1049 1662; x_wconf 79' lang='lat' dir='ltr'><strong>constitueret,</strong></span> <span class='ocrx_word' id='word_1_75' title='bbox 1090 1585 1161 1647; x_wconf 87' lang='lat' dir='ltr'><strong>item</strong></span> 
     </span>
     <span class='ocr_line' id='line_1_13' title="bbox 126 1679 1161 1764; baseline 0.004 -22"><span class='ocrx_word' id='word_1_76' title='bbox 126 1679 249 1744; x_wconf 79' lang='lat' dir='ltr'><strong>Naturae</strong></span> <span class='ocrx_word' id='word_1_77' title='bbox 275 1685 408 1764; x_wconf 86' lang='lat' dir='ltr'><strong>speciem</strong></span> <span class='ocrx_word' id='word_1_78' title='bbox 439 1701 508 1746; x_wconf 87' lang='lat' dir='ltr'><strong>esse</strong></span> <span class='ocrx_word' id='word_1_79' title='bbox 542 1682 665 1762; x_wconf 82' lang='lat' dir='ltr'><strong>dixerit,</strong></span> <span class='ocrx_word' id='word_1_80' title='bbox 694 1691 782 1764; x_wconf 85' lang='lat' dir='ltr'><strong>utque</strong></span> <span class='ocrx_word' id='word_1_81' title='bbox 802 1680 880 1746; x_wconf 87' lang='lat' dir='ltr'><strong>adeo</strong></span> <span class='ocrx_word' id='word_1_82' title='bbox 902 1685 1010 1746; x_wconf 76' lang='lat' dir='ltr'><strong>tertiae</strong></span> <span class='ocrx_word' id='word_1_83' title='bbox 1029 1689 1161 1750; x_wconf 81' lang='lat' dir='ltr'><strong>Naturae</strong></span> 
     </span>
     <span class='ocr_line' id='line_1_14' title="bbox 125 1781 1162 1864; baseline 0.003 -21"><span class='ocrx_word' id='word_1_84' title='bbox 125 1781 252 1863; x_wconf 82' lang='lat' dir='ltr'><strong>speciei,</strong></span> <span class='ocrx_word' id='word_1_85' title='bbox 296 1783 425 1846; x_wconf 84' lang='lat' dir='ltr'><strong>Naturae</strong></span> <span class='ocrx_word' id='word_1_86' title='bbox 456 1791 578 1847; x_wconf 84' lang='lat' dir='ltr'><strong>creatae</strong></span> <span class='ocrx_word' id='word_1_87' title='bbox 614 1801 677 1846; x_wconf 90' lang='lat' dir='ltr'><strong>non</strong></span> <span class='ocrx_word' id='word_1_88' title='bbox 714 1783 826 1846; x_wconf 86' lang='lat' dir='ltr'><strong>creanti</strong></span> <span class='ocrx_word' id='word_1_89' title='bbox 859 1801 898 1846; x_wconf 88' lang='lat' dir='ltr'><strong>ax</strong></span> <span class='ocrx_word' id='word_1_90' title='bbox 934 1784 1098 1864; x_wconf 86' lang='lat' dir='ltr'><strong>diametro,</strong></span> <span class='ocrx_word' id='word_1_91' title='bbox 1128 1791 1162 1846; x_wconf 87' lang='lat' dir='ltr'><strong>ut</strong></span> 
     </span>
     <span class='ocr_line' id='line_1_15' title="bbox 126 1877 1162 1966; baseline 0.003 -23"><span class='ocrx_word' id='word_1_92' title='bbox 126 1885 217 1962; x_wconf 88' lang='lat' dir='ltr'><strong>aiunt,</strong></span> <span class='ocrx_word' id='word_1_93' title='bbox 252 1885 435 1965; x_wconf 80' lang='lat' dir='ltr'><strong>opposuerit.</strong></span> <span class='ocrx_word' id='word_1_94' title='bbox 486 1884 659 1949; x_wconf 77' lang='lat' dir='ltr'><strong>satisfaciat</strong></span> <span class='ocrx_word' id='word_1_95' title='bbox 688 1884 725 1947; x_wconf 87' lang='lat' dir='ltr'><strong>iia</strong></span> <span class='ocrx_word' id='word_1_96' title='bbox 756 1885 819 1964; x_wconf 82' lang='lat' dir='ltr'><strong>ipse</strong></span> <span class='ocrx_word' id='word_1_97' title='bbox 838 1877 980 1966; x_wconf 70' lang='lat' dir='ltr'><strong>Erigere.</strong></span> <span class='ocrx_word' id='word_1_98' title='bbox 1021 1883 1049 1945; x_wconf 88' lang='lat' dir='ltr'><strong>ls</strong></span> <span class='ocrx_word' id='word_1_99' title='bbox 1072 1885 1162 1965; x_wconf 84' lang='lat' dir='ltr'><strong>igitur</strong></span> 
     </span>
     <span class='ocr_line' id='line_1_16' title="bbox 127 1983 1162 2065; baseline 0.003 -23"><span class='ocrx_word' id='word_1_100' title='bbox 127 1983 161 2045; x_wconf 82' lang='lat' dir='ltr'><strong>da</strong></span> <span class='ocrx_word' id='word_1_101' title='bbox 187 1985 301 2048; x_wconf 83' lang='lat' dir='ltr'><strong>Natura</strong></span> <span class='ocrx_word' id='word_1_102' title='bbox 331 2003 392 2047; x_wconf 90' lang='lat' dir='ltr'><strong>nun</strong></span> <span class='ocrx_word' id='word_1_103' title='bbox 422 1992 523 2048; x_wconf 89' lang='lat' dir='ltr'><strong>creata</strong></span> <span class='ocrx_word' id='word_1_104' title='bbox 555 1993 697 2064; x_wconf 86' lang='lat' dir='ltr'><strong>creante,</strong></span> <span class='ocrx_word' id='word_1_105' title='bbox 723 1987 816 2065; x_wconf 85' lang='lat' dir='ltr'><strong>prima</strong></span> <span class='ocrx_word' id='word_1_106' title='bbox 847 1983 896 2048; x_wconf 86' lang='lat' dir='ltr'><strong>iila</strong></span> <span class='ocrx_word' id='word_1_107' title='bbox 927 1983 1058 2047; x_wconf 87' lang='lat' dir='ltr'><strong>Naturae</strong></span> <span class='ocrx_word' id='word_1_108' title='bbox 1088 2002 1162 2065; x_wconf 86' lang='lat' dir='ltr'><strong>spe-</strong></span> 
     </span>
     <span class='ocr_line' id='line_1_17' title="bbox 126 2084 1162 2170; baseline 0.003 -24"><span class='ocrx_word' id='word_1_109' title='bbox 126 2085 167 2146; x_wconf 86' lang='lat' dir='ltr'><strong>cie</strong></span> <span class='ocrx_word' id='word_1_110' title='bbox 186 2103 213 2148; x_wconf 86' lang='lat' dir='ltr'><strong>a.</strong></span> <span class='ocrx_word' id='word_1_111' title='bbox 238 2089 333 2148; x_wconf 83' lang='lat' dir='ltr'><strong>iorrna</strong></span> <span class='ocrx_word' id='word_1_112' title='bbox 363 2087 407 2165; x_wconf 87' lang='lat' dir='ltr'><strong>,si</strong></span> <span class='ocrx_word' id='word_1_113' title='bbox 426 2085 520 2165; x_wconf 80' lang='lat' dir='ltr'><strong>rita“,</strong></span> <span class='ocrx_word' id='word_1_114' title='bbox 546 2087 599 2164; x_wconf 90' lang='lat' dir='ltr'><strong>ait,</strong></span> <span class='ocrx_word' id='word_1_115' title='bbox 621 2087 758 2167; x_wconf 88' lang='lat' dir='ltr'><strong>,species</strong></span> <span class='ocrx_word' id='word_1_116' title='bbox 779 2085 826 2170; x_wconf 81' lang='lat' dir='ltr'><strong>vei</strong></span> <span class='ocrx_word' id='word_1_117' title='bbox 847 2085 943 2148; x_wconf 86' lang='lat' dir='ltr'><strong>sorrna</strong></span> <span class='ocrx_word' id='word_1_118' title='bbox 965 2084 1092 2148; x_wconf 88' lang='lat' dir='ltr'><strong>dicenda</strong></span> <span class='ocrx_word' id='word_1_119' title='bbox 1115 2092 1162 2149; x_wconf 90' lang='lat' dir='ltr'><strong>est</strong></span> 
     </span>
     <span class='ocr_line' id='line_1_18' title="bbox 125 2186 1162 2268; baseline -0.001 -20"><span class='ocrx_word' id='word_1_120' title='bbox 125 2187 211 2264; x_wconf 79' lang='lat' dir='ltr'><strong>prima</strong></span> <span class='ocrx_word' id='word_1_121' title='bbox 236 2188 367 2250; x_wconf 87' lang='lat' dir='ltr'><strong>omnium</strong></span> <span class='ocrx_word' id='word_1_122' title='bbox 390 2203 491 2264; x_wconf 87' lang='lat' dir='ltr'><strong>causa,</strong></span> <span class='ocrx_word' id='word_1_123' title='bbox 515 2204 592 2267; x_wconf 88' lang='lat' dir='ltr'><strong>quae</strong></span> <span class='ocrx_word' id='word_1_124' title='bbox 609 2192 731 2268; x_wconf 85' lang='lat' dir='ltr'><strong>superat</strong></span> <span class='ocrx_word' id='word_1_125' title='bbox 753 2203 870 2248; x_wconf 87' lang='lat' dir='ltr'><strong>omnem</strong></span> <span class='ocrx_word' id='word_1_126' title='bbox 891 2186 1017 2248; x_wconf 77' lang='lat' dir='ltr'><strong>sunnam</strong></span> <span class='ocrx_word' id='word_1_127' title='bbox 1039 2193 1070 2248; x_wconf 89' lang='lat' dir='ltr'><strong>et</strong></span> <span class='ocrx_word' id='word_1_128' title='bbox 1089 2203 1162 2267; x_wconf 84' lang='lat' dir='ltr'><strong>spe-</strong></span> 
     </span>
     <span class='ocr_line' id='line_1_19' title="bbox 125 2284 1160 2369; baseline 0.004 -23"><span class='ocrx_word' id='word_1_129' title='bbox 125 2288 213 2365; x_wconf 80' lang='lat' dir='ltr'><strong>ciant,</strong></span> <span class='ocrx_word' id='word_1_130' title='bbox 244 2288 313 2350; x_wconf 83' lang='lat' dir='ltr'><strong>uun</strong></span> <span class='ocrx_word' id='word_1_131' title='bbox 344 2288 384 2350; x_wconf 88' lang='lat' dir='ltr'><strong>sit</strong></span> <span class='ocrx_word' id='word_1_132' title='bbox 412 2287 575 2350; x_wconf 82' lang='lat' dir='ltr'><strong>formarum</strong></span> <span class='ocrx_word' id='word_1_133' title='bbox 609 2294 640 2350; x_wconf 88' lang='lat' dir='ltr'><strong>et</strong></span> <span class='ocrx_word' id='word_1_134' title='bbox 674 2284 842 2369; x_wconf 80' lang='lat' dir='ltr'><strong>specierum</strong></span> <span class='ocrx_word' id='word_1_135' title='bbox 874 2288 1004 2348; x_wconf 82' lang='lat' dir='ltr'><strong>carnium</strong></span> <span class='ocrx_word' id='word_1_136' title='bbox 1032 2285 1160 2350; x_wconf 75' lang='lat' dir='ltr'><strong>informe</strong></span> 
     </span>
     <span class='ocr_line' id='line_1_20' title="bbox 123 2387 1161 2470; baseline -0.005 -21"><span class='ocrx_word' id='word_1_137' title='bbox 123 2389 305 2470; x_wconf 79' lang='lat' dir='ltr'><strong>principium.</strong></span> <span class='ocrx_word' id='word_1_138' title='bbox 357 2387 486 2450; x_wconf 80' lang='lat' dir='ltr'><strong>interne</strong></span> <span class='ocrx_word' id='word_1_139' title='bbox 509 2395 606 2451; x_wconf 88' lang='lat' dir='ltr'><strong>autem</strong></span> <span class='ocrx_word' id='word_1_140' title='bbox 628 2389 802 2470; x_wconf 86' lang='lat' dir='ltr'><strong>principium</strong></span> <span class='ocrx_word' id='word_1_141' title='bbox 823 2394 981 2469; x_wconf 89' lang='lat' dir='ltr'><strong>propterea</strong></span> <span class='ocrx_word' id='word_1_142' title='bbox 1001 2388 1095 2450; x_wconf 86' lang='lat' dir='ltr'><strong>Deum</strong></span> <span class='ocrx_word' id='word_1_143' title='bbox 1115 2387 1161 2448; x_wconf 88' lang='lat' dir='ltr'><strong>di.</strong></span> 
     </span>
     <span class='ocr_line' id='line_1_21' title="bbox 124 2487 1159 2569; baseline 0.002 -21"><span class='ocrx_word' id='word_1_144' title='bbox 124 2489 222 2566; x_wconf 87' lang='lat' dir='ltr'><strong>ciuus,</strong></span> <span class='ocrx_word' id='word_1_145' title='bbox 242 2507 283 2551; x_wconf 88' lang='lat' dir='ltr'><strong>ne</strong></span> <span class='ocrx_word' id='word_1_146' title='bbox 304 2491 452 2569; x_wconf 87' lang='lat' dir='ltr'><strong>quiscum</strong></span> <span class='ocrx_word' id='word_1_147' title='bbox 470 2489 630 2552; x_wconf 77' lang='lat' dir='ltr'><strong>sarmarum</strong></span> <span class='ocrx_word' id='word_1_148' title='bbox 647 2507 770 2552; x_wconf 87' lang='lat' dir='ltr'><strong>numero</strong></span> <span class='ocrx_word' id='word_1_149' title='bbox 788 2489 925 2551; x_wconf 83' lang='lat' dir='ltr'><strong>aestimet</strong></span> <span class='ocrx_word' id='word_1_150' title='bbox 945 2490 1076 2566; x_wconf 86' lang='lat' dir='ltr'><strong>censeri,</strong></span> <span class='ocrx_word' id='word_1_151' title='bbox 1091 2487 1159 2550; x_wconf 87' lang='lat' dir='ltr'><strong>durn</strong></span> 
     </span>
     <span class='ocr_line' id='line_1_22' title="bbox 125 2589 1159 2671; baseline 0 -21"><span class='ocrx_word' id='word_1_152' title='bbox 125 2591 159 2651; x_wconf 87' lang='lat' dir='ltr'><strong>sit</strong></span> <span class='ocrx_word' id='word_1_153' title='bbox 180 2591 340 2653; x_wconf 73' lang='lat' dir='ltr'><strong>formarunt</strong></span> <span class='ocrx_word' id='word_1_154' title='bbox 363 2592 491 2653; x_wconf 87' lang='lat' dir='ltr'><strong>omnium</strong></span> <span class='ocrx_word' id='word_1_155' title='bbox 506 2607 608 2652; x_wconf 87' lang='lat' dir='ltr'><strong>causa.</strong></span> <span class='ocrx_word' id='word_1_156' title='bbox 648 2591 745 2671; x_wconf 86' lang='lat' dir='ltr'><strong>ipsum</strong></span> <span class='ocrx_word' id='word_1_157' title='bbox 768 2591 877 2652; x_wconf 88' lang='lat' dir='ltr'><strong>etenim</strong></span> <span class='ocrx_word' id='word_1_158' title='bbox 892 2606 981 2652; x_wconf 86' lang='lat' dir='ltr'><strong>omne</strong></span> <span class='ocrx_word' id='word_1_159' title='bbox 1001 2589 1159 2652; x_wconf 82' lang='lat' dir='ltr'><strong>formatura</strong></span> 
     </span>
     <span class='ocr_line' id='line_1_23' title="bbox 124 2685 1160 2770; baseline 0.002 -21"><span class='ocrx_word' id='word_1_160' title='bbox 124 2693 228 2769; x_wconf 79' lang='lat' dir='ltr'><strong>appetit</strong></span> <span class='ocrx_word' id='word_1_161' title='bbox 239 2696 303 2768; x_wconf 85' lang='lat'><strong>¹¹),</strong></span> <span class='ocrx_word' id='word_1_162' title='bbox 332 2707 399 2752; x_wconf 90' lang='lat' dir='ltr'><strong>curn</strong></span> <span class='ocrx_word' id='word_1_163' title='bbox 433 2691 472 2752; x_wconf 88' lang='lat' dir='ltr'><strong>sit</strong></span> <span class='ocrx_word' id='word_1_164' title='bbox 502 2705 557 2768; x_wconf 85' lang='lat' dir='ltr'><strong>per</strong></span> <span class='ocrx_word' id='word_1_165' title='bbox 585 2707 620 2752; x_wconf 90' lang='lat' dir='ltr'><strong>sc</strong></span> <span class='ocrx_word' id='word_1_166' title='bbox 642 2685 738 2770; x_wconf 90' lang='lat' dir='ltr'><strong>ipsurn</strong></span> <span class='ocrx_word' id='word_1_167' title='bbox 760 2690 890 2751; x_wconf 82' lang='lat' dir='ltr'><strong>infinitus</strong></span> <span class='ocrx_word' id='word_1_168' title='bbox 911 2694 942 2750; x_wconf 89' lang='lat' dir='ltr'><strong>et</strong></span> <span class='ocrx_word' id='word_1_169' title='bbox 971 2689 1056 2770; x_wconf 84' lang='lat' dir='ltr'><strong>pius,</strong></span> <span class='ocrx_word' id='word_1_170' title='bbox 1072 2705 1160 2769; x_wconf 84' lang='lat' dir='ltr'><strong>quarn</strong></span> 
     </span>
     <span class='ocr_line' id='line_1_24' title="bbox 125 2788 1108 2872; baseline -0.001 -22"><span class='ocrx_word' id='word_1_171' title='bbox 125 2789 263 2854; x_wconf 83' lang='lat' dir='ltr'><strong>infinitus:</strong></span> <span class='ocrx_word' id='word_1_172' title='bbox 286 2796 333 2854; x_wconf 88' lang='lat' dir='ltr'><strong>cst</strong></span> <span class='ocrx_word' id='word_1_173' title='bbox 353 2791 431 2852; x_wconf 88' lang='lat' dir='ltr'><strong>enirn</strong></span> <span class='ocrx_word' id='word_1_174' title='bbox 456 2789 585 2853; x_wconf 82' lang='lat' dir='ltr'><strong>infinitas</strong></span> <span class='ocrx_word' id='word_1_175' title='bbox 607 2793 738 2854; x_wconf 88' lang='lat' dir='ltr'><strong>ornniurn</strong></span> <span class='ocrx_word' id='word_1_176' title='bbox 761 2790 962 2854; x_wconf 69' lang='lat' dir='ltr'><strong>infinitatums‘</strong></span> <span class='ocrx_word' id='word_1_177' title='bbox 987 2788 1038 2868; x_wconf 90' lang='lat' dir='ltr'><strong>(N,</strong></span> <span class='ocrx_word' id='word_1_178' title='bbox 1064 2791 1108 2872; x_wconf 87' lang='lat' dir='ltr'><strong>i.)</strong></span> 
     </span>
    </p>
   </div>
   <div class='ocr_carea' id='block_1_5' title="bbox 591 2924 694 2998">
    <p class='ocr_par' dir='ltr' id='par_1_5' title="bbox 591 2924 694 2998">
     <span class='ocr_line' id='line_1_25' title="bbox 591 2924 694 2998; baseline 0.039 -15"><span class='ocrx_word' id='word_1_179' title='bbox 591 2929 622 2998; x_wconf 76' lang='lat' dir='ltr'><strong>s.</strong></span> <span class='ocrx_word' id='word_1_180' title='bbox 645 2924 694 2988; x_wconf 80' lang='lat' dir='ltr'><strong>ei.</strong></span> 
     </span>
    </p>
   </div>
   <div class='ocr_carea' id='block_1_6' title="bbox 125 3039 1160 3423">
    <p class='ocr_par' dir='ltr' id='par_1_6' title="bbox 125 3039 1160 3423">
     <span class='ocr_line' id='line_1_26' title="bbox 202 3039 1160 3122; baseline 0 -20"><span class='ocrx_word' id='word_1_181' title='bbox 202 3041 316 3122; x_wconf 84' lang='lat' dir='ltr'><strong>itaqua,</strong></span> <span class='ocrx_word' id='word_1_182' title='bbox 340 3046 371 3101; x_wconf 88' lang='lat' dir='ltr'><strong>nt</strong></span> <span class='ocrx_word' id='word_1_183' title='bbox 387 3039 573 3118; x_wconf 86' lang='lat' dir='ltr'><strong>arbitramur,</strong></span> <span class='ocrx_word' id='word_1_184' title='bbox 597 3041 626 3102; x_wconf 93' lang='lat' dir='ltr'><strong>in</strong></span> <span class='ocrx_word' id='word_1_185' title='bbox 651 3045 785 3122; x_wconf 85' lang='lat' dir='ltr'><strong>promptu</strong></span> <span class='ocrx_word' id='word_1_186' title='bbox 805 3045 862 3114; x_wconf 90' lang='lat' dir='ltr'><strong>est,</strong></span> <span class='ocrx_word' id='word_1_187' title='bbox 885 3040 992 3102; x_wconf 81' lang='lat' dir='ltr'><strong>nuliam</strong></span> <span class='ocrx_word' id='word_1_188' title='bbox 1018 3056 1056 3100; x_wconf 88' lang='lat' dir='ltr'><strong>ex</strong></span> <span class='ocrx_word' id='word_1_189' title='bbox 1077 3039 1160 3102; x_wconf 88' lang='lat' dir='ltr'><strong>Scuti</strong></span> 
     </span>
     <span class='ocr_line' id='line_1_27' title="bbox 126 3139 1157 3220; baseline -0.001 -20"><span class='ocrx_word' id='word_1_190' title='bbox 126 3144 269 3204; x_wconf 86' lang='lat' dir='ltr'><strong>sententia</strong></span> <span class='ocrx_word' id='word_1_191' title='bbox 300 3140 331 3202; x_wconf 92' lang='lat' dir='ltr'><strong>in</strong></span> <span class='ocrx_word' id='word_1_192' title='bbox 351 3140 409 3202; x_wconf 86' lang='lat' dir='ltr'><strong>hac</strong></span> <span class='ocrx_word' id='word_1_193' title='bbox 429 3158 528 3202; x_wconf 88' lang='lat' dir='ltr'><strong>rerurn</strong></span> <span class='ocrx_word' id='word_1_194' title='bbox 558 3141 753 3203; x_wconf 85' lang='lat' dir='ltr'><strong>universitate</strong></span> <span class='ocrx_word' id='word_1_195' title='bbox 784 3139 979 3202; x_wconf 85' lang='lat' dir='ltr'><strong>substantiam</strong></span> <span class='ocrx_word' id='word_1_196' title='bbox 1010 3139 1157 3220; x_wconf 84' lang='lat' dir='ltr'><strong>reperiri,</strong></span> 
     </span>
     <span class='ocr_line' id='line_1_28' title="bbox 128 3239 1158 3320; baseline -0.001 -19"><span class='ocrx_word' id='word_1_197' title='bbox 128 3249 239 3318; x_wconf 74' lang='lat' dir='ltr'><strong>praeter</strong></span> <span class='ocrx_word' id='word_1_198' title='bbox 259 3241 453 3304; x_wconf 87' lang='lat' dir='ltr'><strong>substantiam</strong></span> <span class='ocrx_word' id='word_1_199' title='bbox 476 3240 605 3303; x_wconf 88' lang='lat' dir='ltr'><strong>Naturae</strong></span> <span class='ocrx_word' id='word_1_200' title='bbox 619 3240 775 3304; x_wconf 86' lang='lat' dir='ltr'><strong>creatricis</strong></span> <span class='ocrx_word' id='word_1_201' title='bbox 798 3241 926 3318; x_wconf 86' lang='lat' dir='ltr'><strong>divinae,</strong></span> <span class='ocrx_word' id='word_1_202' title='bbox 948 3257 1046 3320; x_wconf 88' lang='lat' dir='ltr'><strong>neque</strong></span> <span class='ocrx_word' id='word_1_203' title='bbox 1067 3239 1158 3320; x_wconf 82' lang='lat' dir='ltr'><strong>quid-</strong></span> 
     </span>
     <span class='ocr_line' id='line_1_29' title="bbox 125 3339 1157 3423; baseline -0.002 -19"><span class='ocrx_word' id='word_1_204' title='bbox 125 3359 227 3420; x_wconf 83' lang='lat' dir='ltr'><strong>quam,</strong></span> <span class='ocrx_word' id='word_1_205' title='bbox 260 3348 292 3403; x_wconf 91' lang='lat' dir='ltr'><strong>ut</strong></span> <span class='ocrx_word' id='word_1_206' title='bbox 325 3343 389 3423; x_wconf 85' lang='lat' dir='ltr'><strong>ipsc</strong></span> <span class='ocrx_word' id='word_1_207' title='bbox 420 3339 471 3422; x_wconf 78' lang='lat' dir='ltr'><strong>(N,</strong></span> <span class='ocrx_word' id='word_1_208' title='bbox 502 3343 550 3419; x_wconf 71' lang='lat'><strong>9.)</strong></span> <span class='ocrx_word' id='word_1_209' title='bbox 581 3343 636 3420; x_wconf 87' lang='lat' dir='ltr'><strong>ait,</strong></span> <span class='ocrx_word' id='word_1_210' title='bbox 665 3347 768 3423; x_wconf 89' lang='lat' dir='ltr'><strong>,extra</strong></span> <span class='ocrx_word' id='word_1_211' title='bbox 797 3341 876 3404; x_wconf 72' lang='lat' dir='ltr'><strong>illanc</strong></span> <span class='ocrx_word' id='word_1_212' title='bbox 899 3358 971 3402; x_wconf 86' lang='lat' dir='ltr'><strong>vere</strong></span> <span class='ocrx_word' id='word_1_213' title='bbox 995 3339 1157 3404; x_wconf 83' lang='lat' dir='ltr'><strong>essentiale</strong></span> 
     </span>
    </p>
   </div>
   <div class='ocr_carea' id='block_1_7' title="bbox 154 3563 1156 4162">
    <p class='ocr_par' dir='ltr' id='par_1_7' title="bbox 154 3563 1156 3898">
     <span class='ocr_line' id='line_1_30' title="bbox 154 3563 1151 3642; baseline -0.001 -27"><span class='ocrx_word' id='word_1_214' title='bbox 154 3565 194 3636; x_wconf 83' lang='lat'><strong>10)</strong></span> <span class='ocrx_word' id='word_1_215' title='bbox 215 3565 288 3616; x_wconf 84' lang='lat' dir='ltr'><strong>Hanc</strong></span> <span class='ocrx_word' id='word_1_216' title='bbox 317 3567 396 3618; x_wconf 86' lang='lat' dir='ltr'><strong>atium</strong></span> <span class='ocrx_word' id='word_1_217' title='bbox 416 3565 609 3642; x_wconf 30' lang='lat' dir='ltr'><strong>preptereauda</strong></span> <span class='ocrx_word' id='word_1_218' title='bbox 631 3566 683 3619; x_wconf 85' lang='lat' dir='ltr'><strong>dac</strong></span> <span class='ocrx_word' id='word_1_219' title='bbox 703 3567 854 3637; x_wconf 84' lang='lat' dir='ltr'><strong>praedicuri</strong></span> <span class='ocrx_word' id='word_1_220' title='bbox 873 3573 972 3634; x_wconf 76' lang='lat' dir='ltr'><strong>negat,</strong></span> <span class='ocrx_word' id='word_1_221' title='bbox 992 3563 1066 3636; x_wconf 85' lang='lat' dir='ltr'><strong>quod</strong></span> <span class='ocrx_word' id='word_1_222' title='bbox 1085 3564 1151 3616; x_wconf 87' lang='lat' dir='ltr'><strong>deus</strong></span> 
     </span>
     <span class='ocr_line' id='line_1_31' title="bbox 219 3649 1156 3723; baseline -0.003 -20"><span class='ocrx_word' id='word_1_223' title='bbox 219 3669 274 3704; x_wconf 89' lang='lat' dir='ltr'><strong>non</strong></span> <span class='ocrx_word' id='word_1_224' title='bbox 294 3653 359 3703; x_wconf 67' lang='lat' dir='ltr'><strong>uait»</strong></span> <span class='ocrx_word' id='word_1_225' title='bbox 377 3661 449 3704; x_wconf 80' lang='lat' dir='ltr'><strong>certa</strong></span> <span class='ocrx_word' id='word_1_226' title='bbox 468 3651 597 3723; x_wconf 84' lang='lat' dir='ltr'><strong>quaedam</strong></span> <span class='ocrx_word' id='word_1_227' title='bbox 618 3663 698 3723; x_wconf 84' lang='lat' dir='ltr'><strong>atque</strong></span> <span class='ocrx_word' id='word_1_228' title='bbox 718 3653 830 3720; x_wconf 82' lang='lat' dir='ltr'><strong>definita</strong></span> <span class='ocrx_word' id='word_1_229' title='bbox 841 3653 1000 3716; x_wconf 77' lang='lat' dir='ltr'><strong>substantia,</strong></span> <span class='ocrx_word' id='word_1_230' title='bbox 1022 3667 1093 3722; x_wconf 84' lang='lat' dir='ltr'><strong>quaa</strong></span> <span class='ocrx_word' id='word_1_231' title='bbox 1111 3649 1156 3700; x_wconf 85' lang='lat' dir='ltr'><strong>lric</strong></span> 
     </span>
     <span class='ocr_line' id='line_1_32' title="bbox 216 3723 1154 3810; baseline -0.002 -20"><span class='ocrx_word' id='word_1_232' title='bbox 216 3740 257 3790; x_wconf 84' lang='lat' dir='ltr'><strong>vel</strong></span> <span class='ocrx_word' id='word_1_233' title='bbox 277 3739 335 3791; x_wconf 80' lang='lat' dir='ltr'><strong>tute</strong></span> <span class='ocrx_word' id='word_1_234' title='bbox 355 3740 398 3804; x_wconf 82' lang='lat' dir='ltr'><strong>,in</strong></span> <span class='ocrx_word' id='word_1_235' title='bbox 418 3749 565 3791; x_wconf 86' lang='lat' dir='ltr'><strong>creaturum</strong></span> <span class='ocrx_word' id='word_1_236' title='bbox 585 3739 795 3792; x_wconf 81' lang='lat' dir='ltr'><strong>substantiarum</strong></span> <span class='ocrx_word' id='word_1_237' title='bbox 806 3755 918 3792; x_wconf 77' lang='lat' dir='ltr'><strong>numero</strong></span> <span class='ocrx_word' id='word_1_238' title='bbox 937 3723 1154 3810; x_wconf 48' lang='lat' dir='ltr'><strong>reperiaturffi-</strong></span> 
     </span>
     <span class='ocr_line' id='line_1_33' title="bbox 218 3827 633 3898; baseline 0.017 -21"><span class='ocrx_word' id='word_1_239' title='bbox 218 3827 251 3878; x_wconf 82' lang='lat' dir='ltr'><strong>ef.</strong></span> <span class='ocrx_word' id='word_1_240' title='bbox 267 3845 326 3897; x_wconf 85' lang='lat' dir='ltr'><strong>sup,</strong></span> <span class='ocrx_word' id='word_1_241' title='bbox 345 3827 367 3898; x_wconf 66' lang='grc' dir='ltr'><strong>ς.</strong></span> <span class='ocrx_word' id='word_1_242' title='bbox 391 3830 448 3894; x_wconf 84' lang='lat'>15.;</span> <span class='ocrx_word' id='word_1_243' title='bbox 468 3827 499 3891; x_wconf 84' lang='lat'><strong>11,</strong></span> <span class='ocrx_word' id='word_1_244' title='bbox 519 3827 633 3886; x_wconf 79' lang='lat'><strong>28-29.</strong></span> 
     </span>
    </p>

    <p class='ocr_par' dir='ltr' id='par_1_8' title="bbox 155 3913 1154 4162">
     <span class='ocr_line' id='line_1_34' title="bbox 155 3913 1154 3987; baseline 0.001 -23"><span class='ocrx_word' id='word_1_245' title='bbox 155 3913 197 3981; x_wconf 83' lang='lat' dir='ltr'><strong>ii)</strong></span> <span class='ocrx_word' id='word_1_246' title='bbox 217 3913 248 3967; x_wconf 85' lang='lat'><strong>11.</strong></span> <span class='ocrx_word' id='word_1_247' title='bbox 268 3932 302 3978; x_wconf 73' lang='lat' dir='ltr'><strong>a,</strong></span> <span class='ocrx_word' id='word_1_248' title='bbox 321 3923 352 3967; x_wconf 87' lang='lat' dir='ltr'><strong>ut</strong></span> <span class='ocrx_word' id='word_1_249' title='bbox 369 3915 448 3968; x_wconf 83' lang='lat' dir='ltr'><strong>aubis</strong></span> <span class='ocrx_word' id='word_1_250' title='bbox 468 3915 578 3987; x_wconf 87' lang='lat' dir='ltr'><strong>quidem</strong></span> <span class='ocrx_word' id='word_1_251' title='bbox 596 3917 710 3980; x_wconf 81' lang='lat' dir='ltr'><strong>videtur,</strong></span> <span class='ocrx_word' id='word_1_252' title='bbox 729 3931 824 3981; x_wconf 85' lang='lat' dir='ltr'><strong>„omna</strong></span> <span class='ocrx_word' id='word_1_253' title='bbox 843 3915 987 3968; x_wconf 78' lang='lat' dir='ltr'><strong>formatum</strong></span> <span class='ocrx_word' id='word_1_254' title='bbox 1006 3917 1050 3984; x_wconf 85' lang='lat' dir='ltr'><strong>(ut</strong></span> <span class='ocrx_word' id='word_1_255' title='bbox 1068 3931 1100 3964; x_wconf 85' lang='lat' dir='ltr'><strong>ex</strong></span> <span class='ocrx_word' id='word_1_256' title='bbox 1121 3929 1154 3965; x_wconf 85' lang='lat' dir='ltr'><strong>ec</strong></span> 
     </span>
     <span class='ocr_line' id='line_1_35' title="bbox 216 4000 1153 4073; baseline 0.001 -22"><span class='ocrx_word' id='word_1_257' title='bbox 216 4003 353 4070; x_wconf 84' lang='lat' dir='ltr'><strong>processit,</strong></span> <span class='ocrx_word' id='word_1_258' title='bbox 371 4003 410 4055; x_wconf 86' lang='lat' dir='ltr'><strong>ita</strong></span> <span class='ocrx_word' id='word_1_259' title='bbox 428 4005 467 4072; x_wconf 89' lang='lat' dir='ltr'><strong>et)</strong></span> <span class='ocrx_word' id='word_1_260' title='bbox 485 4007 642 4070; x_wconf 79' lang='lat' dir='ltr'><strong>„essentium</strong></span> <span class='ocrx_word' id='word_1_261' title='bbox 672 4005 729 4056; x_wconf 86' lang='lat' dir='ltr'><strong>einr</strong></span> <span class='ocrx_word' id='word_1_262' title='bbox 749 4005 907 4073; x_wconf 75' lang='lat' dir='ltr'><strong>participnt“</strong></span> <span class='ocrx_word' id='word_1_263' title='bbox 929 4033 962 4045; x_wconf 94' lang='lat'><em>-</em></span> <span class='ocrx_word' id='word_1_264' title='bbox 985 4000 1153 4053; x_wconf 79' lang='lat' dir='ltr'><strong>substantiu-</strong></span> 
     </span>
     <span class='ocr_line' id='line_1_36' title="bbox 217 4083 1134 4162; baseline -0.004 -22"><span class='ocrx_word' id='word_1_265' title='bbox 217 4089 330 4162; x_wconf 86' lang='lat' dir='ltr'><strong>iitarque</strong></span> <span class='ocrx_word' id='word_1_266' title='bbox 349 4107 409 4144; x_wconf 79' lang='lat' dir='ltr'><strong>curn</strong></span> <span class='ocrx_word' id='word_1_267' title='bbox 429 4107 461 4145; x_wconf 86' lang='lat' dir='ltr'><strong>ec</strong></span> <span class='ocrx_word' id='word_1_268' title='bbox 481 4090 617 4145; x_wconf 85' lang='lat' dir='ltr'><strong>cohaeret.</strong></span> <span class='ocrx_word' id='word_1_269' title='bbox 637 4093 677 4146; x_wconf 79' lang='lat' dir='ltr'><strong>Cf.</strong></span> <span class='ocrx_word' id='word_1_270' title='bbox 699 4093 720 4158; x_wconf 87' lang='lat' dir='ltr'><strong>i,</strong></span> <span class='ocrx_word' id='word_1_271' title='bbox 739 4089 851 4144; x_wconf 76' lang='lat'><strong>12-13.</strong></span> <span class='ocrx_word' id='word_1_272' title='bbox 871 4089 924 4158; x_wconf 70' lang='lat' dir='ltr'><strong>ts,</strong></span> <span class='ocrx_word' id='word_1_273' title='bbox 944 4087 990 4155; x_wconf 82' lang='lat'><strong>111,</strong></span> <span class='ocrx_word' id='word_1_274' title='bbox 1010 4087 1034 4154; x_wconf 89' lang='lat'><strong>1,</strong></span> <span class='ocrx_word' id='word_1_275' title='bbox 1054 4083 1134 4140; x_wconf 73' lang='grc'><strong>3-4.</strong></span> 
     </span>
    </p>
   </div>
   <div class='ocr_carea' id='block_1_8' title="bbox 0 0 1474 4716">
    <p class='ocr_par' dir='ltr' id='par_1_9' title="bbox 0 0 1474 4716">
     <span class='ocr_line' id='line_1_37' title="bbox 0 0 1474 4716; baseline 0 1"><span class='ocrx_word' id='word_1_276' title='bbox 0 0 1474 4716; x_wconf 95' lang='lat' dir='ltr'><strong> </strong></span> 
     </span>
    </p>
   </div>
  </div>
 </body>
</html>
