2938 4716
280 323 324 386 68

284 503 454 577 contraria“
476 537 511 552 -
529 503 546 566 'l
567 502 634 584 lpse
655 503 857 580 Laniaaucus,
888 504 1053 568 acerrimus
1074 503 1247 586 berengarii
1272 503 1330 568 ab·

285 603 448 680 censarius,
472 601 560 666 simili
589 603 706 666 natione
732 603 848 666 locutus
875 607 986 682 estat).
1019 641 1058 654 --
1088 604 1143 667 Ubi
1175 603 1233 666 boc
1260 605 1329 668 loco

284 704 472 782 ilatramnus,
495 705 558 768 sois
582 704 674 785 ipsius
689 704 790 767 verbis
811 721 883 768 usus
904 706 1050 786 ,specie,“
1072 693 1174 786 inquit,
1197 723 1331 788 ,gerun-

286 809 333 866 lus
355 804 422 880 ista,
448 819 508 865 non
530 803 698 866 veritata‘l“
719 843 760 856 --
789 803 947 866 Ecclesiae
973 804 1065 866 verba
1088 804 1250 866 secundum
1273 821 1332 866 ec-

285 902 398 966 clesiae
434 903 612 966 sententiam
648 904 785 986 explicat.
836 903 950 977 Quodsi
983 902 1063 965 banc
1094 921 1156 965 aem
1193 905 1331 984 cuiquam

245 1071 249 1080 ,
285 1004 401 1066 auctori
422 1003 495 1064 vitio
519 1000 592 1066 dare
613 1004 708 1083 potuit
726 1004 909 1078 ascelinus,
945 1003 1038 1065 tribus
1068 1004 1220 1083 Anticyris
1242 1010 1334 1084 caput

285 1105 352 1166 eius
372 1103 539 1166 insanabile
559 1104 652 1166 luisse
674 1111 802 1184 oportet.
833 1103 938 1184 Longe
959 1103 1046 1168 ulium
1060 1102 1234 1184 Erigeniani
1254 1104 1333 1166 illius

286 1203 364 1280 loci,
387 1221 474 1284 quem
496 1202 657 1266 Ascciinus
679 1206 718 1266 ob
740 1202 845 1266 oculos
866 1202 987 1279 babuit,
1022 1219 1062 1265 cx
1085 1204 1177 1284 ipsius
1196 1203 1333 1267 'Ascalini

286 1303 389 1366 verbis
412 1309 606 1381 contextum,
627 1303 677 1385 qui
698 1310 844 1382 vocatur,
865 1304 1052 1367 statuendum
1075 1321 1161 1383 esse,
1182 1305 1332 1367 neminem

287 1418 349 1466 uon
370 1401 475 1466 videre
496 1410 642 1484 putamus.
1191 1479 1199 1491 ,
1265 1475 1266 1480 1

370 1500 504 1565 Pluribus
523 1503 573 1568 Μ
587 1503 625 1564 de
647 1503 706 1566 boc
725 1501 860 1566 Ascelini
882 1503 952 1566 inco
974 1503 1107 1585 egimus,
1136 1503 1205 1584 quia
1235 1503 1333 1584 pluri-

200 1595 205 1604 '
284 1617 375 1680 mum,
393 1600 474 1682 quod
488 1608 593 1666 contra
605 1607 739 1665 nostram
759 1603 936 1665 sententiam
957 1608 1078 1683 pugnet,
1099 1603 1256 1664 continere
1272 1619 1332 1684 pu-

287 1706 365 1762 tatus
385 1706 449 1777 est,
479 1718 569 1780 quum
590 1707 689 1762 tamen
712 1701 802 1763 multo
824 1700 908 1781 plus,
941 1707 972 1763 ut
991 1702 1137 1779 vidimus,
1172 1701 1253 1782 quod
1275 1719 1331 1782 pro

287 1807 392 1864 nostra
412 1801 560 1864 sententia
582 1807 706 1882 pugnet,
727 1802 889 1863 contineat.
910 1805 915 1812 “

372 1890 456 1974 Quae
480 1897 590 1962 deinde
613 1906 778 1963 memoratu
800 1900 891 1983 digna
912 1899 1069 1963 videantur
1092 1917 1131 1962 ex
1152 1899 1200 1976 iis,
1224 1898 1333 1980 quibus

287 1999 503 2082 impugnamur,
525 1999 603 2062 baec
625 2005 703 2062 sunt.
745 1999 938 2082 ,Anonpmus
957 2000 1007 2062 ille
1032 1998 1265 2074 caticuminus)
1292 1997 1333 2060 de

289 2100 497 2162 controversia
521 2099 719 2164 Paschasiana
740 2101 896 2177 scribens,
935 2119 1023 2182 quium
1059 2099 1184 2162 aliorum
1222 2099 1335 2180 scripta

289 2205 350 2262 tum
373 2199 524 2263 llalramni
543 2200 650 2264 librum
682 2201 786 2278 novit,
818 2201 927 2264 nullum
950 2217 1022 2263 vero
1047 2200 1211 2276 Secutus
1232 2235 1273 2249 -
1292 2197 1335 2260 aa

290 2299 340 2362 ille
360 2301 537 2380 anonymus
559 2299 657 2380 plures
678 2300 791 2377 libros,
826 2303 876 2381 qui
916 2300 954 2362 ad
983 2301 1063 2362 illam
1093 2318 1155 2362 rem
1177 2299 1336 2380 pertinent,

291 2417 354 2462 noa
395 2399 513 2461 citavit:
555 2399 634 2463 velut
662 2399 837 2478 lleimonis,
873 2401 965 2480 episc.
1000 2397 1335 2474 lialberstadiensisttp.

292 2497 396 2578 Neque
416 2495 540 2560 hercule
561 2499 627 2578 plus
646 2498 717 2561 inde
751 2499 853 2580 colligi
880 2507 1000 2580 polest,
1030 2500 1112 2580 quod
1143 2500 1337 2581 „sigebertus

294 2595 520 2661 Gomblaoensis
541 2603 571 2658 et
594 2597 656 2671 alii,
685 2599 735 2679 qui
759 2597 797 2660 de
819 2599 1015 2680 scriptoribus
1035 2599 1250 2662 ecclesiasticis
1270 2597 1338 2660 dis.

293 2713 437 2775 seruere,
469 2695 554 2760 Sonti
574 2696 681 2760 librum
705 2696 743 2759 de
762 2715 788 2760 a.
812 2697 997 2762 Eucharistia
1021 2715 1082 2762 non
1105 2698 1338 2762 laudaverunts‘

293 2797 444 2860 neminem
464 2796 544 2858 onim
565 2796 681 2860 illorum
704 2805 880 2878 auctorum,
916 2800 966 2881 qui
995 2800 1069 2863 satis
1093 2806 1235 2863 accurata
1252 2799 1339 2862 Sonti

293 2897 388 2960 libros
410 2897 611 2986 recensuerit,
647 2899 825 2962 invenimus.
866 2900 1039 2982 Sigebeatus
1070 2905 1189 2982 praeter
1217 2899 1340 2962 vermo-

295 3015 365 3060 nam
386 2998 602 3081 Areopagitae,
625 2999 709 3062 cuius
727 3007 809 3081 (cap.
832 2999 899 3077 94.)
920 3001 1061 3080 meminit,
1081 2999 1190 3064 nullum
1213 3015 1338 3083 prorsus

296 3106 520 3162 commemorat.

379 3199 503 3278 Restat,
537 3205 589 3278 ut,
625 3216 704 3281 quae
736 3205 893 3280 praeterea
916 3197 1036 3262 delendi
1047 3215 1138 3280 posse
1170 3199 1339 3277 videantur,

275 3299 428 3364 breviter
465 3299 607 3364 adstricta
641 3313 853 3380 proponamus.
907 3299 1033 3363 brintum
1062 3300 1153 3382 igitur
1184 3299 1339 3363 liatramni

295 3399 373 3464 libro
397 3415 460 3463 non
483 3400 652 3462 continetur
673 3415 728 3478 ea,
759 3415 847 3480 quam
875 3397 1075 3482 Berengarius
1096 3399 1340 3482 amplectebatur,

331 3605 381 3675 85)
402 3605 436 3659 ci.
454 3603 528 3660 Mab.
545 3615 604 3660 ncta
624 3604 724 3660 bened.
744 3621 812 3658 nasa.
829 3606 875 3659 lv.
893 3624 919 3677 p.
940 3607 974 3658 ll.
994 3606 1079 3679 praei.
1097 3625 1125 3660 ιι.
1143 3607 1187 3662 88.
1205 3638 1240 3652 ·-

330 3705 379 3778 ab)
397 3710 433 3762 sl.
460 3708 488 3760 Ρ.
513 3710 543 3768 L.
573 3709 683 3762 Ceilotii
709 3707 803 3760 histos.
830 3707 1002 3762 Gotbaacalai
1029 3709 1161 3780 praedast.
1190 3709 1271 3764 Paria.
1300 3739 1339 3757 .-

399 3794 529 3849 MDCLV.
549 3796 598 3848 lot.
620 3821 648 3834 -
671 3795 702 3847 ln
721 3794 845 3868 Append.
863 3813 891 3868 p.
910 3795 1058 3856 5³9-548.

332 3894 381 3969 aa)
403 3899 438 3954 ef.
455 3901 546 3956 nausa.
567 3901 618 3954 aa
637 3887 664 3972 ρ’.
682 3897 743 3955 ιιι.

335 4002 384 4072 88)
402 4006 435 4060 cl.
453 4003 517 4059 hiat.
536 4005 619 4062 litter.
639 4005 673 4060 da
694 4005 720 4058 ln
737 4005 780 4058 Fr.
799 4011 862 4057 ῑοιιι.
882 4002 914 4056 t.
931 4019 960 4086 p,
977 4001 1039 4056 lta.
