2934 4710
280 287 340 383 tta

282 491 382 553 causis
413 487 485 551 nulli
516 493 712 550 remanerent
745 485 886 552 effectus:
918 487 994 551 baec
1025 490 1103 585 enim
1132 489 1325 554 relativorum

287 593 405 655 ratione
440 588 527 652 simul
559 588 695 660 oriamur
727 594 758 648 et
786 588 872 650 simul
911 589 1069 667 occidunt,
1101 597 1151 652 aut
1180 591 1266 653 simul
1295 599 1326 654 et

158 771 160 776 ,
285 707 406 780 semper
428 694 630 769 permanent.“

377 790 486 869 ,Totus
507 789 613 869 itaque
636 788 763 850 mundus
784 789 814 848 in
837 787 936 850 Verbo
958 789 1014 850 Dei
1037 825 1078 836 -
1099 779 1145 838 -2'
1155 789 1324 869 incarnato,

280 891 476 954 inhumanato
510 888 607 952 adhuc
639 887 810 968 specialiter
833 891 986 950 restitums
1009 895 1072 950 esu
1104 891 1139 963 (i.
1160 908 1187 952 a.
1209 892 1325 955 hucus-

286 1008 344 1072 que
366 991 396 1052 in
428 990 522 1052 solius
556 995 666 1051 tantum
701 989 790 1049 Verbi
815 988 923 1063 divini,
944 997 976 1051 ot
998 991 1087 1064 aiant,
1109 991 1323 1070 humanitate);

284 1095 315 1154 in
337 1093 396 1154 line
430 1079 506 1152 ¹vero
541 1088 641 1151 mundi
671 1088 854 1170 generaliter
884 1097 914 1150 et
936 1091 1143 1153 universaliter
1162 1093 1192 1153 in
1214 1094 1324 1154 eodem

281 1191 511 1254 restaurabitur.
567 1188 655 1264 Quod
686 1190 765 1250 enim
798 1191 828 1250 in
850 1207 884 1251 re
908 1191 973 1269 ipso
996 1191 1169 1271 specialiter
1187 1193 1324 1273 perfecit,

278 1289 467 1374 generaliter
498 1291 528 1351 in
557 1288 693 1350 omnibns
728 1277 870 1368 perliciet.
923 1289 989 1352 Non
1028 1291 1096 1352 dico
1127 1292 1157 1354 in
1185 1295 1323 1355 omnibus

285 1389 453 1452 hominibus
492 1387 699 1463 solummodo,
732 1387 787 1449 sed
823 1389 852 1448 in
883 1390 964 1450 omni
1000 1391 1134 1452 sensibili
1170 1399 1321 1456 creatura.

285 1492 381 1574 lpsum
404 1490 551 1571 siquidem
575 1491 628 1552 Dei
651 1489 785 1561 verbum,
807 1491 928 1576 quando
945 1493 1063 1571 accepit
1087 1493 1243 1554 humanam
1265 1512 1324 1555 na-

285 1602 392 1670 turam,
412 1592 521 1656 nullam
544 1597 676 1654 creatam
699 1591 893 1652 substantiam
923 1593 1131 1672 praetermisit,
1153 1611 1239 1674 quam
1261 1613 1323 1658 non

208 1731 211 1738 =
284 1695 423 1774 accepit·
442 1692 499 1755 alc
521 1709 576 1773 per
598 1691 667 1766 hoc,
688 1692 715 1753 ai
737 1691 896 1758 humanam
916 1698 1067 1768 hamram,
1089 1711 1177 1773 qoam
1198 1698 1324 1776 accepit,

285 1793 412 1857 maurit
433 1800 464 1854 ct
484 1792 673 1866 restauravit,
699 1808 817 1853 omnem
839 1792 976 1871 prolecto
1002 1801 1186 1872 creaturam,
1214 1797 1324 1859 risibi-

284 1897 345 1957 lem
370 1901 402 1956 ct
422 1891 612 1968 invisibilem,
641 1894 845 1954 restauravit.“
874 1921 905 1948 =
931 1893 984 1970 (V,
1004 1895 1065 1969 953
1089 1895 1127 1956 cl.
1153 1895 1186 1974 V,
1211 1897 1261 1972 97,
1282 1896 1324 1959 36

285 2003 329 2074 [p.
350 1995 409 2062 289
430 1992 503 2056 cdtt.
524 1991 653 2075 Oxon];
685 1991 736 2071 ltt,
759 1993 815 2068 905
843 1992 895 2070 lV,
916 1995 935 2056 5
959 2001 1000 2074 [p.
1023 1995 1080 2057 tto
1104 1995 1174 2058 edit.
1194 1997 1324 2075 0xon.];

285 2089 585 2174 WQQQ-

387 2195 489 2274 dlquc,
507 2192 567 2256 hoc
587 2189 737 2271 prolecto,
773 2193 800 2254 ai
822 2193 992 2272 quidquam,
1017 2196 1088 2255 artis
1109 2197 1193 2258 istius
1214 2196 1325 2280 Erige-

284 2293 394 2356 nianae
417 2294 569 2373 specimen
592 2298 639 2354 cst
660 2290 828 2354 dicendum.
873 2294 966 2366 Quam
982 2297 1091 2358 misere
1108 2283 1185 2360 hanc
1207 2298 1324 2361 doctri-

284 2411 343 2456 nae
365 2393 547 2456 christianae
569 2397 682 2470 partem
703 2393 735 2451 in
757 2391 916 2472 uliginosis
940 2395 1004 2456 istis
1025 2412 1180 2458 causarum
1202 2412 1321 2459 suarum

283 2491 517 2574 primordialium
551 2491 769 2572 effectuumque
801 2510 841 2554 ex
874 2493 910 2554 iis
939 2495 1144 2572 prohoemium
1165 2498 1322 2575 paludibus

283 2593 386 2675 polluit
408 2599 496 2672 atquc
517 2593 659 2672 turpavit!
747 2591 750 2599 '

285 2749 288 2758 ,
377 2692 480 2772 licque
508 2693 630 2770 Scotus,
666 2691 734 2752 dum
767 2693 840 2754 satis
870 2692 927 2754 sibi
951 2695 1198 2770 constare-velit,
1220 2697 1324 2760 eccle·

284 2793 350 2860 sino
378 2793 479 2856 verbis
510 2793 614 2858 dicere
647 2799 755 2872 queat:
791 2793 864 2869 „Qui
897 2802 1018 2873 propter
1051 2813 1108 2858 nos
1134 2797 1272 2859 homines
1293 2805 1323 2858 et

287 2901 410 2976 propter
443 2879 576 2958 nostram
608 2875 733 2956 satutem
756 2892 913 2956 descendit
934 2893 971 2956 dc
994 2897 1126 2964 coelo!t
1150 2931 1187 2944 -
1208 2899 1263 2960 s'ed
1285 2899 1323 2960 ad

285 3011 359 3057 suae
388 2994 597 3074 philosophiae
628 2984 735 3072 placita
767 2993 825 3054 hoc
847 2995 944 3073 potius
973 2997 1076 3059 dicere
1097 2998 1221 3062 debeat:
1250 3001 1324 3078 ,Qui

247 3171 248 3174 Ἴ
286 3101 409 3174 propter
429 3098 525 3156 semel
546 3095 641 3174 ipsum
670 3101 701 3154 et
722 3101 844 3173 propter
871 3094 950 3156 hanc
969 3113 1067 3158 rerum
1089 3101 1323 3177 universitatem,

285 3201 405 3273 propter
441 3211 525 3256 suam
562 3195 654 3274 ipsius
685 3201 716 3256 et
745 3201 867 3274 propter
894 3194 981 3260 huius
1004 3215 1104 3261 rerum
1123 3201 1324 3264 universitatis

284 3294 409 3358 salutem
431 3294 591 3358 descondit
609 3294 648 3356 de
669 3294 799 3362 coelo!“
822 3331 861 3344 -

752 3461 780 3530 p.
810 3449 858 3516 57.

368 3603 516 3676 Quoniam
549 3603 676 3683 denique
712 3604 813 3682 operis
833 3607 927 3667 nostri
951 3605 1124 3686 Erigenirni
1147 3611 1323 3672 sententiam

284 3700 323 3762 de
351 3710 481 3780 peccato
510 3711 541 3766 et
572 3704 688 3782 peccati
720 3721 817 3782 poena
839 3722 940 3767 sumus
960 3711 1135 3785 exposituri,
1155 3713 1203 3791 qui
1223 3714 1324 3792 operis

285 3802 324 3864 dc
345 3803 624 3883 praedestinatione
646 3805 813 3866 doctrinam
837 3807 892 3880 (cl.
915 3824 1002 3887 supra
1027 3825 1090 3891 cap.
1113 3811 1177 3886 tt.)
1196 3811 1325 3892 noverit,

283 3902 373 3964 aliam
397 3902 474 3966 hanc
497 3905 563 3966 iera
585 3905 737 3985 cognitam
757 3905 888 3971 babebit.

370 4001 408 4066 A.
451 4003 472 4064 Ι.
518 3995 668 4084 Quidquid
701 4023 771 4068 esse
803 4005 912 4070 dicitnr
931 4006 1016 4089 mali,
1041 4009 1322 4073 substantialitcrin
