2934 4710
1076 317 1135 432 no

101 547 129 606 in
153 552 287 626 tempore
310 544 370 608 ullo
390 561 459 607 esse
482 543 642 607 credimus.
699 546 791 608 Erunt
813 553 924 610 tanturn
946 551 976 611 in
1000 549 1140 612 malarum

102 646 281 708 voluntatum
304 652 335 708 et
355 653 557 727 corruptarum
582 648 832 710 conscientiarum
863 649 992 710 motibus
1015 665 1141 730 peruer-

101 751 142 812 sis
164 787 204 800 -
226 765 447 829 perversaeque
481 749 633 828 potentiae
687 750 859 812 omnimodo
892 751 1090 812 subversione
1112 752 1141 813 b.

102 869 126 916 e.
156 851 186 912 in
222 849 369 912 exstincta
401 850 482 911 omni
516 851 639 912 omnino
668 849 808 912 facultate
829 849 991 931 peccandi,
1013 849 1141 912 malesa-

102 951 209 1025 ciendi‚
246 951 335 1030 impie
368 950 487 1030 agendi.
543 949 598 1011 Ubi
630 949 716 1010 ludes
739 950 875 1030 proditor
896 952 1078 1030 torquetur?
1102 987 1142 1000 ·-

103 1052 265 1133 Nusquam,
288 1052 344 1112 uisi
368 1052 398 1112 in
420 1050 529 1131 polluta
552 1067 606 1112 suu
632 1039 839 1118 conscientie!
869 1051 991 1125 Qualem
1015 1069 1142 1131 poenam

101 1151 238 1230 patitur?
260 1183 298 1194 —-
334 1152 438 1211 Seram
469 1150 682 1228 poenitentiam
719 1155 748 1211 et
780 1150 927 1230 inutilem,
948 1169 1005 1232 qua
1025 1168 1144 1232 semper

103 1253 200 1312 uritur.
221 1289 265 1298 -
287 1249 494 1331 Unusquisque
517 1249 605 1330 impie
627 1251 786 1312 viventium
814 1253 877 1330 ipsa
914 1248 1052 1313 vitiorum
1075 1250 1142 1313 libi·

104 1350 180 1427 dine‚
204 1367 262 1432 qua
283 1351 312 1411 in
335 1367 427 1412 carne
448 1353 572 1424 exarsit,
600 1349 680 1412 velut
702 1350 828 1430 quadum
850 1351 967 1413 llammo
993 1353 1142 1414 inexstin.

104 1451 201 1533 guibili
223 1451 436 1531 torquebitur.“
459 1449 510 1528 (lt,
536 1451 603 1527 99.)

197 1551 262 1614 Non
287 1559 355 1612 sunt
383 1551 474 1632 igilur
506 1549 581 1612 male
615 1551 760 1613 laetorum
795 1569 911 1631 poenae
933 1552 990 1614 nisi
1015 1553 1141 1630 inper-

106 1669 189 1712 versa
209 1637 362 1712 uoluntate
387 1659 476 1732 utque
499 1653 527 1714 in
550 1653 681 1732 ipsorum
707 1652 783 1713 male
810 1654 955 1715 l'octorum
979 1654 1143 1714 conscien-

106 1752 154 1813 lla.
194 1752 279 1826 Quod
311 1753 437 1828 Scelus,
469 1759 502 1815 ut
532 1754 560 1813 in
586 1751 662 1814 libre
686 1753 724 1816 de
749 1755 911 1834 praedest,
934 1755 974 1815 ita
998 1760 1028 1815 el
1048 1755 1078 1816 in
1103 1751 1142 1814 li-

107 1849 167 1912 bris
188 1851 223 1913 de
249 1855 308 1914 div.
326 1861 465 1929 naturae
500 1851 659 1934 diligenter
689 1857 791 1915 tenuit.
834 1854 923 1915 'Hinc
952 1853 1141 1931 factumest,

108 1957 157 2024 ut,
187 1953 232 2032 qui
273 1959 397 2015 aeterna
440 1955 594 2034 impiorum
625 1953 776 2016 hominum
812 1955 955 2034 supplicio
994 1971 1011 2014 a
1044 1953 1138 2016 Scoto

107 2057 216 2113 inostro
240 2053 357 2132 penitus
389 2053 509 2132 explodi
544 2053 742 2132 affirmarent,
777 2054 946 2115 exstiterint
965 2049 1145 2133 perplurimi.

107 2153 144 2212 m
163 2152 268 2213 Scotus
289 2153 361 2214 nihii
384 2139 463 2215 aliud
487 2155 618 2234 negavit,
642 2153 709 2230 nisi,
732 2152 760 2214 id
785 2153 876 2234 quod,
897 2154 944 2234 qui
962 2159 1046 2215 recte
1067 2169 1142 2213 sen-

111 2254 188 2328 iunl,
209 2271 315 2314 ornnes
349 2261 481 2336 negant,
516 2261 628 2314 certum
650 2253 798 2334 quendam
822 2261 871 2316 aut
892 2271 965 2315 vero
988 2253 1059 2334 igne
1077 2252 1145 2332 ple-

109 2369 171 2414 num
196 2353 318 2416 istorum
338 2354 548 2435 suppliciorum
571 2354 668 2417 locum
691 2371 759 2417 esse
780 2353 834 2426 (cf.
858 2353 891 2414 V.
916 2353 995 2430 st).
1020 2391 1060 2401 -

202 2452 261 2514 lam
283 2471 367 2525 vero,
393 2453 431 2515 de
459 2455 522 2534 ipsa
557 2472 720 2536 poenarum
751 2461 855 2516 nature
878 2471 915 2516 ac
938 2455 1054 2516 ratione
1079 2451 1145 2515 aliis

110 2554 282 2632 quibusdam
307 2539 383 2618 lucis
405 2554 508 2619 multo¹
530 2558 697 2620 accuratius
717 2558 858 2638 scripturn
880 2562 934 2618 est.
979 2558 1063 2619 Duae
1089 2572 1144 2618 au.

111 2661 163 2716 tem
183 2656 310 2736 proponi
333 2655 470 2720 videntur
491 2660 679 2720 sententiae:
703 2676 781 2739 quae
803 2665 901 2720 tamen
926 2655 1070 2738 perfacile
1093 2657 1143 2718 in-

111 2761 153 2817 ter
171 2773 206 2817 se
229 2755 436 2821 conciliantur.
886 2755 887 2764 ’

223 2857 356 2918 Pluribus
400 2859 475 2920 locis
505 2857 673 2920 huiusmodi
710 2857 802 2920 verbo
843 2857 1008 2919 babentur:
1039 2853 1146 2934 „lmpii

111 2955 213 3017 inanes
232 2975 331 3020 rerum
346 2959 529 3022 sensibilium
563 2959 709 3041 imagines
730 2961 876 3039 patientes
897 2958 1035 3019 flebunt!t
1066 2953 1145 3032 „lm-
1248 2989 1250 2992 ·
1351 2969 1353 2972 ·

110 3056 164 3133 piis
189 3059 352 3121 mortalium
381 3075 479 3126 rerum
503 3077 621 3140 semper
642 3067 727 3122 erunt
748 3060 921 3141 phantasiae
946 3074 981 3118 ac
1003 3054 1142 3116 diversae

111 3153 261 3236 falsaeque
280 3161 398 3239 species
420 3159 583 3222 secundum
603 3161 740 3224 diversos
762 3160 905 3223 malarum
941 3173 1060 3218 suerum
1082 3171 1141 3215 co-

111 3258 282 3335 gitationum
305 3267 430 3322 motus.⁴‘
454 3261 506 3338 (ll,
531 3259 598 3336 31.)

206 3359 284 3421 Alibi
304 3367 402 3423 autem
428 3360 553 3442 legimus
576 3361 670 3424 baec:
693 3361 775 3442 „ilco
796 3366 843 3422 est
864 3363 966 3434 totum,
997 3353 1082 3442 quod·
1098 3352 1147 3414 rii-

114 3457 193 3534 sbur,
214 3459 329 3522 liberae
349 3479 386 3523 ac
407 3479 569 3541 perversae
592 3463 752 3526 voluntatis
773 3461 962 3543 supplicium,
986 3456 1064 3538 quod
1090 3455 1148 3516 im-

114 3563 194 3632 petus
217 3561 281 3622 cios
312 3561 489 3624 libidinosus
511 3566 704 3640 retinebitur,
726 3583 775 3643 ne,
798 3563 878 3645 quod
902 3559 1003 3622 illicite
1024 3555 1147 3636 oppetit,

117 3658 328 3738 apprehendet,
364 3660 392 3721 lt.
424 3679 450 3723 e.
480 3663 517 3724 eb
546 3664 656 3727 illicitis
688 3665 750 3726 suis
779 3662 908 3724 notibus
929 3655 1146 3740 prohibebitur,

115 3770 151 3813 ne
172 3758 208 3817 co
228 3758 316 3821 tinem
339 3777 413 3823 suae
435 3763 604 3843 cupiditatis
624 3767 720 3846 possit
742 3763 928 3845 pervenires
948 3759 999 3836 (ll,
1019 3755 1060 3818 36
1082 3755 1145 3840 [etl.

116 3853 340 3938 Qpfflh

208 3958 269 4022 llas
298 3961 388 4043 igitur
417 3965 581 4027 sententias
603 3963 643 4026 im
666 3963 842 4026 arbitramur
864 3961 942 4022 inter
963 3973 996 4018 se
1018 3955 1148 4018 coniun-

117 4055 237 4135 tissdtta
256 4064 297 4133 ut,
328 4079 416 4144 quam
446 4065 614 4144 posteriore
642 4062 711 4128 loco
731 4063 903 4146 posuimus,
932 4057 1053 4140 proprie
1072 4055 1148 4118 reti-
