2934 4710
613 605 641 673 ς.
664 593 713 655 55.

228 750 289 814 lali
313 750 404 832 igitur
426 747 551 812 artitlolo
572 750 691 822 Scotus,
713 746 855 828 quidquid
876 763 983 810 sacrae
1001 745 1179 826 scripturae,

148 849 279 931 poidlprid
300 850 458 914 doctrinae
479 848 661 911 christianae
685 849 713 910 in
738 849 830 928 ipsius
849 845 1069 928 philosophiam
1101 845 1178 906 inci-

145 948 200 1024 dit,
231 950 310 1028 lere,
328 949 521 1030 depravatum
556 951 655 1010 trebel.
707 949 771 1012 llac
802 951 880 1011 enim
910 948 996 1010 inre
1020 943 1180 1010 admodum

141 1051 197 1112 sibi
228 1057 453 1112 consentaneus
485 1050 550 1112 luit.
606 1049 693 1123 Quod
723 1048 899 1114 luculentius
919 1049 1007 1114 etiam
1029 1045 1182 1128 probaturi

139 1167 226 1229 qnam
247 1151 379 1214 maxime
402 1151 659 1230 operaepretium
683 1149 793 1212 lenisse
807 1149 953 1226 videmur,
973 1149 1002 1214 si
1021 1148 1081 1226 illa,
1102 1163 1180 1230 quae

139 1249 176 1312 de
198 1251 371 1328 horminum,
398 1249 506 1314 Adami
536 1249 621 1329 culpa
655 1249 855 1330 perditorum,
882 1248 1109 1329 redemptione,
1142 1245 1180 1310 de

137 1357 284 1430 peccato,
315 1351 355 1414 de
381 1351 498 1431 peccati
525 1367 624 1432 poena
654 1349 821 1426 docentur,
840 1350 944 1430 paucis
964 1349 1106 1413 adstmota
1127 1365 1180 1412 re-

139 1449 303 1512 tulerimus.

609 1630 640 1698 s.
660 1617 710 1680 sc.

220 1772 357 1852 „Omnian
376 1789 454 1853 quae
476 1787 515 1834 ex
537 1787 629 1835 causa
654 1774 801 1836 omnium“
822 1772 868 1847 (Ιι.
890 1789 919 1834 e.
941 1769 991 1833 vel
1011 1769 1097 1850 deas,
1130 1770 1179 1834 vet

139 1875 309 1960 unigenitus
344 1873 395 1935 dei
426 1871 501 1934 lilios
532 1873 583 1951 [cl.
609 1881 638 1949 s.
672 1873 833 1956 28-301)
861 1879 909 1952 „et
929 1889 970 1934 err
992 1871 1179 1952 tausis-pri-

138 1972 344 2048 mordiatlbus‚
365 1973 396 2034 in
419 1991 456 2034 ca
481 1974 661 2051 constitutis,
682 1971 857 2053 procedunt,
878 2007 973 2024 ·-··-
986 1970 1178 2048 vilescerent,

136 2075 197 2136 imo
218 2073 309 2134 etiam
328 2073 445 2153 penitus
465 2074 607 2152 perirent,
628 2075 655 2138 si
676 2073 714 2134 ad
736 2074 848 2138 tontum
860 2087 945 2136 suum
967 2071 1067 2136 redire
1078 2084 1178 2151 neque

135 2181 271 2254 possent,
295 2191 393 2252 neque
414 2173 574 2235 redirent.“
594 2173 646 2251 (V,
670 2171 737 2249 36.)
760 2209 799 2222 -
936 2208 940 2217 -

229 2273 329 2351 „Deus
359 2273 477 2352 itaque,
508 2273 564 2334 Dei
593 2273 738 2351 verbum,
759 2273 789 2334 in
813 2289 871 2353 quo
895 2273 994 2336 omnia
1016 2273 1180 2336 factasunt

137 2365 527 2450 causaliteretsubsistnnt,
550 2373 713 2436 secundum
735 2391 817 2436 suam
840 2375 1022 2436 divlnitutem
1044 2372 1177 2435 desom-

138 2477 181 2538 dit
221 2477 251 2536 in
282 2491 457 2548 comarum,
488 2491 566 2553 quae
595 2477 624 2536 in
661 2475 740 2554 ipso·
760 2475 944 2553 subsistunt,
978 2471 1112 2550 effectus,
1145 2473 1177 2534 iu

137 2578 225 2638 istum
247 2575 391 2637 videlicet
411 2575 584 2636 sensibilem
605 2575 774 2638 mundum.“
794 2609 833 2624 «-
1103 2589 1106 2594 ·

225 2675 330 2754 „Quod
361 2674 518 2736 humanam
550 2682 660 2738 tantum
683 2678 844 2757 assumpsit
862 2683 1016 2740 naturamss
1037 2677 1073 2752 (i.
1096 2691 1125 2736 e.
1146 2675 1177 2738 in

139 2775 295 2838 bunonem
331 2783 443 2837 tantum
481 2782 615 2838 naturam
647 2777 827 2855 descendit)
856 2779 944 2858 „ideo
978 2779 1088 2840 lactum
1119 2783 1177 2855 est,
1293 2845 1297 2856 ,

139 2875 218 2955 qnod
251 2879 280 2937 in
312 2876 433 2937 homino
469 2877 566 2938 omnis
591 2883 621 2938 et
642 2877 768 2940 visibilis
790 2885 820 2940 et
842 2877 1000 2940 invisibilis
1021 2883 1177 2940 ereatura«

139 2977 247 3048 (tomo
267 2975 405 3036 videlicet
429 2993 467 3036 ex
490 2977 591 3037 animo
613 2984 643 3038 at
663 2993 791 3057 corpore
815 2985 932 3040 condat
961 2979 1014 3057 [cl.
1038 2977 1094 3056 „do
1115 2977 1176 3041 dtr.

140 3083 198 3138 nat.
223 3075 256 3152 ll,
278 3077 299 3135 3
318 3075 439 3160 seqq.])
466 3078 662 3154 centimolum„
684 3113 724 3128 -

218 3175 400 3252 „Descendit
433 3184 529 3240 entem
553 3177 681 3240 Verbum
703 3179 758 3240 llei
783 3195 844 3241 non
876 3178 964 3242 aliam
986 3179 1024 3240 ob
1047 3191 1178 3254 causam,

141 3275 256 3336 -nisi
279 3282 313 3336 ut
338 3293 508 3350 causarum,
532 3279 790 3356 qnassecundum
810 3297 894 3340 enam
919 3279 1102 3340 divinitatem
1123 3293 1177 3338 ae·

140 3374 291 3436 ternatiter
313 3383 342 3437 ct
365 3377 646 3441 incommutabiliter
668 3378 768 3457 habet,
788 3379 952 3442 secundum
974 3397 1056 3442 sunm
1072 3379 1179 3442 huma-

139 3475 256 3536 nitatem
278 3474 402 3538 effectus
424 3478 574 3556 salvaret,
596 3481 686 3561 inque
706 3500 778 3544 suas
801 3500 908 3545 causas
930 3487 1108 3561 revocaret,
1132 3489 1179 3544 utt‘

139 3573 294 3652 (allectus)
315 3577 361 3652 „in
385 3579 475 3658 ipsisl‘
496 3581 630 3657 (causis)
654 3582 815 3660 „ineffabili
836 3583 962 3663 quadam
985 3583 1179 3659 adunatione,

138 3676 213 3736 sicut
249 3683 280 3736 et
306 3678 388 3756 ipsa“
419 3680 603 3753 (communis
636 3683 791 3754 omnium)
822 3693 949 3762 „eausa“
977 3685 1091 3765 (ipsum
1123 3683 1179 3746 Dei

139 3773 279 3854 Verbum)
307 3775 557 3856 „salvarentur.“
586 3817 625 3830 --
662 3781 793 3861 „[Nam)
827 3786 853 3844 si
886 3784 942 3846 Dei
975 3784 1120 3865 snpientia
1149 3785 1180 3846 in

140 3870 262 3938 effectus
293 3891 464 3952 causarum,
499 3895 576 3958 quae
605 3881 635 3942 in
664 3897 701 3944 ca
741 3882 935 3944 aeternaliter
972 3885 1092 3962 vivunt,
1118 3899 1181 3946 non

138 3969 348 4052 descenderet,
371 3993 527 4038 causarum
544 3979 620 4042 ratio
642 3981 779 4060 periret3
800 3983 992 4062 pereuntibus
1014 3983 1093 4046 enim
1109 3999 1181 4046 cen.

138 4088 233 4136 aarum
256 4073 416 4141 ellootilrus
448 4076 528 4142 nullu
559 4093 652 4143 cauea
691 4071 872 4160 remaneret,
893 4084 969 4148 sicut
990 4083 1183 4162 pereuntibus
