2944 4714
688 237 842 328 --abb

223 425 319 490 mitati
335 426 450 492 tuerint
465 431 586 490 ceritum
602 425 683 500 diesr
707 426 760 506 qui
783 441 861 490 vero
877 424 992 489 dietum
1008 423 1233 490 sanctissimum
1250 425 1313 490 se-

222 523 410 578 cramentmn
428 521 486 577 tum
501 514 540 576 ad
552 515 705 588 intirmoe,
722 531 811 594 quarn
826 513 904 576 alias
919 513 1114 592 ubicumque,
1129 520 1162 576 et
1177 531 1313 593 quomo-

221 602 395 682 documque
410 621 466 682 pru
482 609 623 682 tempore
638 600 867 664 delereturcurn
890 619 958 662 cum
976 597 1102 678 lumine,
1119 600 1171 663 vel
1193 601 1312 664 lumine

223 691 357 753 comitati
375 690 501 764 luerint,
517 696 635 770 septem
652 706 762 766 annos,
778 687 945 752 ettotidem
962 688 1186 768 quadragenas,
1201 707 1238 749 ac
1252 707 1315 767 pa-

220 777 335 853 rochis,
352 783 383 838 et
398 777 541 841 oraruibus
561 779 723 856 utriusque
738 793 832 838 sexus
849 776 965 838 CbrIsti
981 774 1134 852 bdelibus,
1158 775 1210 855 (pri
1225 795 1316 855 prue-

219 865 334 926 dictum
358 865 583 926 sanctissimum
605 866 832 928 Sacramentum
857 881 925 926 cum
949 863 1137 925 luminaret
1161 863 1230 926 sinc
1259 863 1314 926 ln-

222 953 305 1014 mine
321 953 438 1032 pariter
453 951 589 1014 comitati
606 950 722 1014 tuerint
738 953 875 1031 quiaque
897 967 1006 1026 arunas,
1029 957 1060 1012 et
1080 950 1208 1012 totidem
1231 967 1315 1030 qua-

221 1039 393 1120 dragenam
411 1046 442 1100 et
457 1040 495 1101 iis
511 1037 684 1118 imperlitis;
702 1039 797 1101 semel
816 1039 986 1102 orationem
998 1037 1194 1108 dominicam,
1212 1043 1244 1099 et
1259 1057 1317 1099 sa-

222 1126 400 1189 lutationem
418 1126 587 1206 angelicum
604 1126 774 1202 recitando,
792 1131 822 1187 et
838 1133 871 1188 ut
888 1124 1075 1205 praedicitur
1086 1123 1216 1201 orando,
1233 1141 1316 1187 cen-

223 1219 285 1278 tum
301 1213 381 1276 dies.

312 1300 442 1378 Insuper
458 1301 639 1362 rrnrrlieribus
661 1319 740 1380 quiae
759 1303 839 1381 ,pum
861 1301 900 1362 de
922 1317 1013 1362 causa
1034 1300 1203 1380 praelatum
1219 1317 1318 1362 sene-

229 1389 378 1450 tissimum
395 1389 623 1450 Sacramentum
640 1404 702 1450 non
719 1387 854 1450 concitati
872 1387 997 1462 tuerint,
1019 1387 1114 1450 semel
1140 1388 1319 1450 orationem

215 1470 424 1551 ¹dominicam,
447 1482 478 1536 et
501 1474 716 1537 salutationem
740 1473 910 1556 angelicam
931 1474 1102 1550 recitando,
1128 1481 1159 1536 et
1181 1493 1238 1554 pro
1261 1476 1320 1538 in·-

208 1563 312 1624 'tirrno
329 1561 396 1640 pias
413 1561 564 1623 adlleum
581 1560 864 1641 praeostendendo
881 1562 1026 1632 similiter
1040 1567 1163 1623 centrum
1179 1562 1264 1636 dies3
1280 1583 1320 1625 ac

224 1648 395 1728 praedictis
412 1649 618 1712 confratribus
634 1654 664 1710 et
679 1649 912 1720 consororibus,
929 1649 980 1728 qui
994 1649 1094 1711 locum
1110 1649 1163 1711 ubi
1177 1651 1319 1711 sanctis-

227 1736 336 1798 simum
354 1737 580 1800 Sacramentum
604 1743 782 1798 asservatur
808 1736 838 1797 in
854 1736 930 1798 laria
953 1736 1059 1816 quinta
1087 1737 1118 1796 in
1135 1736 1230 1798 Coena
1246 1737 1319 1801 Do-

226 1823 301 1886 mini
329 1823 534 1898 visitaverint,
561 1831 592 1884 et
615 1829 649 1885 ut
674 1822 877 1904 praemissum
901 1827 958 1899 est,
981 1823 1149 1898 oraverint,
1173 1824 1320 1887 similiter

225 1916 348 1973 centum
365 1909 450 1986 dles;
475 1910 513 1972 de
541 1909 686 1988 injunctis
709 1911 755 1973 eis
781 1927 838 1972 seu
863 1911 938 1973 alias
954 1909 1188 1990 quomodolibet
1203 1911 1320 1976 debitis

226 1998 428 2077 pertiuentiis,
448 1999 478 2059 in
494 1997 593 2060 torma
609 1997 762 2060 ecclesiae
777 2003 937 2074 consueta,
959 1996 1142 2060 relaxamus.
1172 1996 1211 2059 Et
1232 1997 1318 2060 ulte-

222 2085 290 2146 rius
306 2085 396 2148 uobis
412 2102 448 2145 ac
461 2091 585 2148 vestrae
601 2083 934 2148 archiconbaternitati
960 2091 992 2148 ut
1007 2084 1181 2147 confratres
1195 2103 1319 2168 aggre-

223 2188 298 2249 gare
323 2169 446 2251 illisque
468 2189 575 2234 omues
595 2173 821 2251 suprascriptas
843 2171 1052 2251 indulgentias
1077 2172 1192 2250 scripta
1213 2179 1318 2236 mmcn

226 2259 258 2319 in
276 2258 374 2321 sorana
390 2259 500 2322 tradita
523 2261 554 2320 in
571 2259 793 2322 constitutione
820 2259 871 2321 iel.
887 2259 1007 2321 record.
1024 2257 1194 2322 Clementis
1216 2279 1316 2342 papae

225 2344 297 2408 l'lll.
322 2347 577 2426 praedecessoris
602 2347 700 2410 nostri
732 2363 826 2426 super
853 2346 1000 2408 dictarum
1027 2345 1315 2410 conhatemitaturn

224 2433 504 2512 aggregationibus
520 2433 613 2507 edita,
634 2435 864 2498 communicare
879 2433 977 2496 libere
993 2439 1024 2496 et
1037 2431 1123 2496 licite
1137 2436 1261 2514 positis,
1284 2443 1316 2496 et

224 2518 353 2582 ualeatis
370 2518 556 2584 authoritate
572 2521 752 2600 apostolica,
769 2527 880 2584 tenore
894 2521 1116 2603 praesentium,
1138 2522 1314 2586 facultatem

226 2605 425 2668 concedimus
446 2615 477 2669 et
500 2607 707 2686 impertimur3
735 2627 799 2672 non
824 2607 1017 2671 obstantibus
1040 2608 1315 2674 constitutionibus

225 2699 256 2756 et
271 2693 521 2758 ordinationibus
537 2697 718 2776 apostolicis
733 2696 927 2777 eaeterisque
938 2695 1312 2775 contrariisqulbuseum-

226 2799 298 2861 que,
315 2782 531 2862 praesentibus
547 2784 705 2862 perpetuis
722 2784 913 2862 temporibus
929 2784 1081 2846 valituris.
1119 2783 1230 2846 lictum
1246 2787 1314 2849 llo·

225 2887 291 2931 rurae
313 2869 393 2950 apud
408 2869 439 2934 S.
457 2871 578 2933 Petrum
600 2871 656 2934 sub
672 2870 798 2934 Annulo
820 2871 985 2934 Piscatoris
1008 2869 1059 2932 die
1080 2867 1111 2932 3.
1135 2873 1315 2936 novembris

229 2956 320 3020 tuoe.
350 2957 545 3020 Pontificatus
561 2959 660 3022 nostri
676 2975 758 3022 anno
774 2958 924 3021 seeundo.
968 2971 970 2976 ·
1025 2952 1029 2962 ’

312 3043 486 3124 Notumque
509 3045 636 3108 tacimus
665 3044 833 3126 plenariam
863 3045 1085 3128 indulgentiam
1113 3046 1316 3124 apraedicto

225 3131 318 3194 Panlo
335 3130 450 3204 Quinto
474 3149 593 3194 summo
617 3133 763 3212 pontitice
786 3134 816 3194 in
841 3131 924 3197 dicto
939 3133 1028 3197 breui
1050 3149 1109 3212 pru
1131 3133 1184 3196 die
1204 3141 1316 3200 octava

225 3219 367 3298 corporis
385 3219 498 3282 Christi
523 3237 699 3284 concessam
725 3239 741 3282 a
764 3218 815 3282 iel.
837 3220 958 3285 record.
979 3219 1161 3285 innocentio
1177 3221 1230 3284 PP.
1248 3222 1315 3286 llll.

226 3323 282 3385 pro
306 3305 356 3368 die
382 3309 507 3370 veneris
532 3307 642 3370 testum
667 3307 803 3384 ejusdem
826 3307 1008 3371 sanctissimi
1035 3309 1176 3387 eorporis
1199 3309 1316 3373 Christi

227 3392 403 3456 irrunediata
418 3397 561 3475 sequenti
576 3395 673 3460 luisse
690 3395 877 3470 translatam,
899 3403 992 3474 prout
1015 3395 1046 3456 in
1061 3395 1198 3475 ejusdem
1215 3395 1316 3460 lnno-

227 3481 320 3543 rentii
342 3478 454 3544 litteris
477 3482 510 3543 in
531 3483 628 3545 torma
653 3483 768 3556 brevis,
789 3481 846 3544 sub
870 3483 995 3547 Annulo
1009 3481 1174 3544 Piscatoris
1196 3483 1249 3545 die
1276 3487 1315 3547 th

226 3568 404 3631 raouembris
431 3563 532 3646 1694,
558 3569 712 3650 expeditis
737 3571 922 3633 continetur.
967 3571 1097 3650 insuper
1118 3570 1170 3633 lel.
1191 3572 1315 3634 record.

228 3655 371 3717 Clerucns
387 3675 464 3737 papa
481 3659 635 3720 concessit
649 3655 857 3720 continctrihus
881 3665 913 3719 et
938 3657 1161 3720 consororibus
1184 3659 1316 3720 eontra-

227 3748 306 3801 trum
323 3744 507 3806 sanctissimi
524 3745 666 3826 corporis
683 3745 796 3809 Christi
812 3745 1037 3808 associantibus
1052 3745 1201 3807 cadavera
1219 3745 1315 3808 Chri-

226 3829 264 3890 sti
288 3827 422 3893 lidclium
448 3831 681 3909 ‹leiuncterum‚
716 3831 937 3912 indulgentiam
964 3839 1084 3895 centum
1108 3831 1227 3894 dierum
1256 3851 1314 3913 pro

227 3914 365 3990 qualibet
380 3919 460 3994 vice,
477 3927 569 3998 prurit
584 3921 613 3982 in
632 3920 699 4000 ejus
715 3919 827 3982 litteris
843 3919 874 3982 in
890 3919 981 3983 simili
998 3920 1096 3983 iorum
1111 3919 1217 3982 brevis
1231 3921 1314 4000 apud

227 4003 257 4066 S.
268 4005 392 4066 blaciam
406 4005 551 4084 blojorem
568 4009 624 4071 sub
636 4006 761 4071 hortulo
773 4007 937 4072 Piscatoris
952 3998 1003 4070 die
1019 4007 1060 4071 tt
1066 4009 1201 4088 januarii
1221 4007 1314 4080 tata

228 4094 343 4170 pariter
359 4094 544 4157 continetur.
576 4095 694 4169 Quiltus
718 4094 861 4159 ornnibus
877 4096 1088 4178 indulgentiis,
1113 4102 1145 4157 ct
1164 4095 1315 4174 spiritua-

227 4179 308 4245 libus
323 4182 433 4262 gratiis
449 4197 541 4262 supra
564 4183 721 4263 sigillatim
745 4185 910 4266 dcscriptis
930 4184 1113 4266 primodietn
1134 4185 1314 4247 conlratcr·
