2938 4716
279 347 320 412 :to

278 525 579 606 praedestinationem
602 525 811 598 defendentes,
832 525 936 589 iisdem
957 526 1022 590 lere
1039 543 1106 589 cunr
1120 527 1320 592 Gubescmco

278 627 365 706 (quip
388 632 418 688 et
438 627 468 689 S.
483 627 641 707 Augustini
664 631 765 702 crant)
786 625 985 688 locutionibus
1007 626 1173 692 utebantur.
1216 629 1321 710 ltrrpne

278 725 338 788 ullo
360 732 449 805 pacto
470 745 507 788 aa
529 728 559 788 in
584 741 617 788 re
637 726 749 808 culpari
772 733 917 806 possunt,
949 728 1056 808 quippe
1086 730 1136 809 qui
1159 747 1219 792 non
1241 730 1322 793 iilum

278 830 308 888 in
330 827 376 888 bis
398 843 519 888 saraam
542 827 643 888 inesse
663 826 823 899 voluerint,
846 843 933 906 quem
958 827 1133 890 liincmarus
1157 847 1223 890 curn
1244 830 1318 892 sois.

276 928 467 990 llincmarum
489 933 607 1004 auum,
641 943 718 1006 quae
749 945 809 988 non
842 934 1035 1008 speraverat,
1066 931 1103 990 ad
1126 929 1233 990 incitas
1253 929 1321 991 iera

253 1023 470 1110 'redegerunt
510 1027 589 1090 Satis
611 1027 690 1090 carim
712 1029 806 1107 probe
827 1028 1020 1108 intelligebat,
1050 1046 1116 1090 oum
1140 1049 1158 1092 a
1179 1031 1321 1092 october·-

279 1130 362 1192 rimis
383 1127 533 1209 theologis
556 1128 779 1191 tammalorom
801 1145 886 1207 mam
910 1128 1077 1207 bonorum,
1110 1131 1176 1192 sive
1198 1131 1319 1212 gemina

277 1229 510 1310 praedestinatio
530 1227 712 1304 doceretur,
747 1245 833 1307 quam
863 1229 927 1308 lpse
956 1229 984 1290 ln
1007 1228 1209 1293 Gotlrescaloo
1227 1230 1321 1290 ‘dam-

279 1335 401 1405 naseot,
436 1327 474 1390 de
503 1329 580 1390 tama
603 1333 693 1409 atque
712 1328 934 1393 existimatione
958 1333 1199 1411 ornamentisque
1221 1333 1321 1392 omni-

279 1429 335 1491 bus
355 1429 412 1492 sibi
434 1427 749 1490 essedecertandum.
783 1429 884 1502 Quare
904 1429 1099 1508 scriptoribus
1123 1431 1320 1511 opponendos

278 1547 347 1591 esse
370 1529 514 1590 cernebat
537 1529 711 1608 scriptores.
744 1529 847 1608 ltaque
869 1530 907 1590 ab
930 1528 1138 1592 lllncmnriana
1155 1536 1238 1610 parte
1252 1551 1320 1594 curn

278 1629 338 1704 alii,
360 1636 421 1690 tom
441 1629 601 1708 praecipue
624 1629 732 1691 Scotos
751 1634 866 1706 noster,
888 1630 938 1709 mni
958 1635 1109 1710 gcmtnam
1131 1629 1208 1693 illam
1227 1649 1320 1710 praa-

279 1729 507 1792 destinationom
523 1735 563 1804 ¹²)
585 1723 667 1789 libris
683 1728 771 1789 editis
785 1736 1000 1809 expugnarunt,
1022 1729 1170 1792 sollicitati
1189 1738 1257 1791 sunt
1269 1734 1319 1808 Ιθ).

361 1829 534 1910 Composuit
573 1830 663 1910 igitur
703 1831 811 1892 Sontas
846 1829 950 1892 libmm
992 1847 1076 1894 suum
1116 1829 1155 1892 de
1189 1831 1320 1911 praede.

278 1931 439 1994 stipatione
472 1929 618 1992 adversus
652 1931 902 2006 Gotbescalcum,
943 1947 1070 2010 eumque
1107 1930 1202 1993 edidit
1239 1949 1321 1993 anno

279 2031 412 2096 ucccut
427 2037 479 2108 Μ).
500 2065 541 2078 -
567 2031 667 2094 Semel
689 2037 799 2094 tantum
820 2033 878 2094 boc
901 2033 982 2095 Scoti
1006 2049 1080 2114 opus
1101 2033 1179 2112 typis
1201 2033 1319 2094 doscrl.

279 2139 358 2215 ptum
383 2132 507 2213 prodiit:
539 2138 587 2192 est
616 2130 694 2211 apud
722 2132 912 2215 biaugainum
937 2133 967 2200 lu
991 2133 1088 2210 libro,
1120 2151 1208 2218 quern
1230 2149 1320 2217 supra

280 2241 359 2312 (not.
384 2234 437 2310 to)
458 2231 653 2296 laudavimus.

508 2385 562 2446 Do
584 2381 1102 2463 praedestinationclibcrz

363 2501 553 2582 Undaviginti
576 2499 781 2579 complectitur
803 2500 910 2578 capita,
934 2517 1010 2580 quae
1030 2499 1186 2580 praecedit
1207 2518 1320 2582 prooe-

282 2601 383 2678 mium,
404 2601 596 2682 subsequitur
614 2599 769 2682 epilogus:
795 2618 851 2661 nuc
867 2599 1025 2665 admodum
1047 2601 1147 2682 magui
1168 2608 1214 2664 est
1233 2599 1321 2664 volu-

283 2703 379 2764 minis.
421 2703 540 2768 llissum
561 2709 617 2780 est,
645 2708 677 2764 ut
700 2702 729 2766 in
751 2700 907 2780 prooemio
928 2698 1047 2782 legitur,
1077 2701 1237 2766 llincrnaro
1258 2700 1322 2764 lie-

282 2804 377 2864 mcnsi
407 2810 438 2863 ct
465 2801 588 2866 Pardula
621 2801 830 2878 Laudnncnsi3
866 2817 990 2884 quorum
1021 2819 1132 2868 causac
1163 2807 1321 2886 patronum

283 2921 317 2966 so
339 2904 490 2966 exstitisse
510 2905 617 2966 scotus
639 2901 752 2966 scribit

286 3061 582 3078 Μ

381 3135 567 3197 inveniuntur,
592 3150 676 3207 quare
701 3151 792 3187 eorum
812 3136 898 3189 loeium
917 3135 1066 3189 accuratlus
1086 3133 1204 3186 lndlcare
1224 3149 1321 3203 eaper-

384 3221 510 3278 sedimus.
528 3251 562 3264 -

321 3327 365 3384 12l
385 3327 423 3378 De
442 3325 497 3380 sola
516 3325 621 3393 gemino
641 3326 787 3395 praedast..
805 3326 912 3380 nonde
933 3326 1045 3397 reliquie
1063 3322 1166 3378 duabus
1182 3323 1322 3394 'quaestio-

382 3413 462 3466 nibus
483 3414 516 3480 (l.
536 3413 569 3464 tle
591 3413 660 3466 libro
679 3413 817 3469 bominum
836 3414 955 3466 arbitrio.
975 3409 1008 3470 ll.
1028 3419 1114 3463 utrum
1133 3407 1254 3462 Christus
1271 3425 1321 3478 pro

381 3499 507 3557 omollrua
527 3499 683 3552 bominibus
697 3509 816 3552 mortuus
836 3501 879 3562 alt,
897 3517 931 3550 uu
949 3517 997 3568 pro
1009 3499 1041 3549 iia
1053 3506 1166 3560 tentum,
1184 3496 1229 3566 qui
1242 3513 1321 3564 proe-

383 3587 512 3640 destinatl
531 3589 586 3642 aiot
607 3587 640 3640 ed
658 3588 762 3654 ritum),
791 3603 861 3656 quaa
884 3595 912 3639 et
927 3587 1003 3656 ipsae
1021 3586 1119 3640 aeriter
1135 3599 1320 3654 proponeren-

385 3681 446 3737 tur,
473 3673 534 3727 ideo
564 3675 646 3728 locuti
670 3691 777 3737 rumara,
807 3672 1036 3743 puodbaecipra
1056 3672 1173 3723 omnium
1193 3677 1322 3739 caputet

387 3761 464 3831 quasi
483 3777 579 3830 paraus
601 3762 663 3823 tuit.
682 3777 732 3814 nac
748 3761 844 3814 Stolos
864 3761 980 3830 reliquas
999 3759 1060 3811 illo·
1078 3761 1186 3809 claravit.

323 3853 368 3933 ld)
387 3865 420 3917 cl.
442 3866 545 3916 Euclea..
560 3864 683 3932 bugduo.
701 3863 749 3916 lib.
769 3862 802 3914 de
822 3862 908 3916 tribue
926 3863 1005 3933 epist.
1023 3879 1080 3933 cap.
1100 3860 1152 3914 ³9:
1172 3860 1201 3912 iu
1215 3861 1320 3912 Maxim.

384 3951 512 4006 biblioth.
529 3959 584 4002 vet.
601 3959 668 4021 patr.
688 3950 753 4004 edit.
774 3951 896 4022 Logduo.
916 3959 982 4006 tom.
994 3951 1051 4014 llV,
1070 3967 1098 4028 p.
1111 3947 1163 4004 out
1175 3948 1208 4002 ll.
1221 3963 1277 4018 serp
1292 3971 1317 3981 -

322 4051 368 4123 tt)
388 4055 423 4108 cl.
441 4069 521 4126 sopra
537 4071 595 4127 cap.
615 4053 636 4118 l,
653 4055 773 4111 nobb&
