2938 4716
295 332 336 398 24

285 505 495 588 propemodum
518 506 635 568 verbis:
656 506 827 582 ‚,(Scotus),
851 505 901 579 ait,
923 502 1029 566 relicta
1050 503 1144 582 patria
1162 501 1319 566 -Franciam

288 608 326 670 ad
347 605 482 668 Carolum
505 603 620 666 calvum
644 605 777 680 transiit,
813 621 829 663 a
853 617 917 681 ¹quo
940 620 1047 684 magna
1074 601 1247 682 dignatione
1268 619 1321 664 su·

286 713 405 787 sceptus
428 704 612 766 familiarium
633 703 756 784 partium
780 702 952 764 habebatur.
973 711 1006 764 .“
1048 700 1139 764 Addit
1166 707 1319 779 praeterea

286 804 421 868 inlibris
444 804 483 866 de
502 806 596 884 gestis
618 820 721 883 regum
746 801 927 884 Anglnrum,
959 802 1234 880 „concrepantibus
1262 819 1318 862 un·

282 905 370 986 dique
394 903 536 965 bellorum
558 902 748 984 fragoribus‘
771 939 807 953 -
831 904 925 981 ipsum
947 903 977 962 in
998 901 1120 964 Galliam
1143 901 1265 964 abiisse.

367 1005 432 1079 Quo
454 1012 586 1083 tempore
609 1003 648 1067 ad
671 995 1156 1082 Carolumsecessissexvidcatun
1178 1005 1208 1065 in
1224 1005 1319 1083 primo

284 1107 382 1186 capite
402 1106 601 1182 exposuimus,
623 1103 743 1166 circiter
768 1120 875 1164 annum
901 1101 1083 1165 ccccxcv.

366 1204 471 1280 lianc,
504 1205 531 1266 si
549 1205 723 1285 quisquam,
752 1221 854 1264 verum
876 1203 933 1265 sibi
954 1202 1157 1284 Maecenatem
1178 1202 1318 1264 devinxit.

286 1305 389 1385 anue
412 1302 511 1366 Caroli
532 1301 682 1366 ¹facilitate
711 1304 753 1365 ita
782 1320 852 1366 usus
884 1301 976 1364 luisse
1008 1309 1165 1378 narratur,
1196 1307 1228 1363 ut
1258 1319 1318 1363 non

284 1421 467 1485 magnopere
487 1410 591 1484 ageret
612 1404 791 1480 lloratium‚‘
820 1405 868 1464 cui
892 1403 929 1464 ab
950 1403 1086 1484 Augusto
1109 1403 1248 1482 scriptum
1272 1402 1320 1462 le-

283 1510 360 1581 runt,
388 1509 543 1582 „sumeret
565 1503 622 1566 sibi
645 1503 754 1583 aliquid
777 1503 850 1564 luris
871 1503 949 1584 apud
968 1521 1012 1588 se,
1034 1509 1170 1583 tanquam
1184 1503 1218 1564 si
1243 1517 1320 1562 con-

283 1604 380 1666 victor
403 1603 460 1664 sibi
483 1602 599 1666 luerit.“
622 1639 663 1652 -
690 1602 963 1672 malmesburiensis
993 1603 1110 1683 quidem
1123 1605 1171 1678 6);
1204 1601 1319 1679 ,pseu-

284 1713 359 1782 tus),
381 1704 491 1782 inquit,
514 1702 698 1784 transigebat
718 1720 784 1764 curn
807 1720 844 1764 eo
868 1701 1008 1778 (Catulo)
1031 1702 1205 1778 tomaene,
1230 1718 1317 1781 quam
1433 1719 1436 1723 ·

282 1807 371 1882 ioca,
408 1803 635 1884 individuusque
665 1819 766 1865 comes
800 1809 829 1864 et
857 1820 980 1864 mensae
1014 1809 1043 1863 et
1082 1801 1208 1864 cubiculi
1240 1807 1317 1864 erat,

283 1905 390 1968 multae
415 1903 542 1966 facetiae
564 1904 744 1984 ingenuique
766 1902 886 1983 leporis,
909 1921 1032 1985 qnorum
1053 1902 1186 1984 exempla
1202 1902 1316 1984 ¹bodie-

282 2023 340 2086 que
363 2005 557 2084 constant),
581 2010 612 2066 ut
629 2011 698 2066 sunt
717 2004 790 2066 ista:
811 2004 977 2066 nsseueru
997 2004 1034 2067 ad
1058 2021 1190 2066 mensam
1210 2011 1314 2064 contra

282 2125 384 2186 regem
408 2105 445 2166 ad
469 2105 556 2168 aliam
577 2105 694 2168 tabulae
717 2114 846 2186 partem3
868 2105 1097 2186 procedentibus
1119 2104 1314 2184 poculis..·..

282 2206 405 2269 Carolus
435 2206 533 2267 l'ronte
565 2204 698 2268 bilariori
737 2212 803 2285 post
831 2206 975 2284 quaedam
1004 2205 1061 2266 alia
1094 2223 1159 2266 curn
1192 2203 1315 2266 vidisset

282 2306 423 2368 loannem
447 2303 585 2384 quiddam
608 2304 737 2382 iecisse,
769 2305 848 2385 quod
871 2305 1052 2384 Gallicanam
1074 2306 1241 2367 comitalem
1264 2302 1313 2366 cl.

280 2404 425 2481 tenderet,
447 2405 559 2466 urbane
580 2405 726 2484 increpuit
745 2410 775 2464 et
798 2403 887 2466 dixit:
910 2402 986 2477 Quid
1009 2403 1097 2466 distat
1110 2406 1186 2468 inter
1199 2405 1311 2470 Sotium

281 2511 311 2568 et
333 2503 490 2574 Scottum?
528 2503 636 2565 nemtit
662 2503 711 2564 illa
732 2504 856 2564 solenne
878 2504 1037 2566 convitium
1058 2504 1088 2564 in
1111 2513 1263 2566 auctorem
1283 2511 1313 2566 et
1327 2565 1344 2598 ,

280 2603 450 2685 respondit:
479 2603 588 2665 Tabula
609 2604 738 2666 tantuml
761 2649 769 2664 .
793 2651 800 2666 .
824 2649 861 2666 ..
891 2606 954 2668 Neo
975 2622 1048 2666 vcro
1071 2622 1126 2668 rex
1145 2612 1310 2670 commotus

280 2710 344 2780 est,
376 2704 457 2784 quod
479 2703 621 2766 miraculo
643 2703 789 2766 scientiae
809 2704 901 2784 ipsius
925 2712 1027 2785 captus
1049 2705 1193 2769 adversus
1215 2705 1312 2786 blagi-

280 2810 372 2868 strum
394 2822 451 2866 nec
471 2802 552 2867 dicto
573 2805 731 2885 insurgere
753 2804 850 2867 vellet.
881 2807 931 2869 Sic
953 2823 1019 2868 eum
1042 2809 1149 2869 usitate
1173 2805 1309 2869 vocabat

279 2903 352 2968 ltern
375 2921 442 2966 curu
463 2905 528 2986 regi
550 2905 720 2967 convivanti
744 2905 879 2968 minister
898 2907 1026 2986 patinam
1050 2907 1214 2985 obtulisset,
1236 2923 1312 2988 qnae

280 3005 355 3068 duos
377 3005 476 3084 pisces
498 3003 701 3086 praegrandes
724 3005 841 3066 adiecto
864 3023 923 3067 uno
947 3007 1111 3070 minusculo
1132 3009 1309 3085 contineret,

280 3105 362 3167 dedit
384 3103 433 3165 ille
453 3102 606 3183 Magistro,
633 3110 665 3164 ut
686 3105 926 3168 accumbentibus
947 3106 1062 3169 duobus
1085 3107 1165 3168 iuxta
1188 3122 1221 3166 se
1250 3105 1311 3166 cle·

278 3206 351 3270 uicis
373 3203 578 3283 departiretur.
619 3204 711 3265 Erant
729 3204 769 3266 illi
790 3207 952 3286 giganteae
969 3207 1072 3284 molis3
1094 3209 1157 3287 ipse
1172 3205 1311 3286 perexilis

280 3305 427 3386 corporis.
468 3304 550 3380 Tum,
586 3305 635 3384 qui
655 3322 773 3384 semper
791 3307 901 3394 aliquid
924 3307 1041 3370 bonesti
1060 3307 1248 3384 inveniebat,
1278 3313 1309 3368 ut

278 3405 416 3468 laetitiam
440 3405 658 3465 convivantium
680 3405 834 3482 excitaret,
855 3408 979 3468 retentis
1000 3406 1057 3469 sibi
1081 3407 1197 3470 duobus
1215 3407 1310 3468 maio·

277 3505 377 3581 ribus,
408 3520 497 3568 unum
522 3504 667 3564 minorem
692 3503 807 3568 duobus
832 3505 987 3568 distribuit.
1030 3507 1174 3590 urguenti
1204 3508 1309 3586 iniqui-

277 3611 368 3667 tatem
391 3603 556 3684 partilionis
578 3605 659 3685 regi:
683 3603 755 3682 lmo,
777 3607 878 3686 inquit,
899 3607 978 3668 bene
999 3607 1056 3670 leci
1070 3613 1100 3669 et
1114 3625 1219 3688 aeque,
1240 3625 1307 3668 nam

275 3705 325 3768 bic
347 3711 392 3766 est
414 3721 489 3766 unus
510 3720 619 3783 parvus
640 3704 696 3782 (de
718 3723 751 3768 se
773 3706 893 3782 dicens)
914 3714 944 3769 et
964 3708 1022 3772 dno
1043 3707 1174 3790 grandes
1193 3708 1309 3789 (pisces

326 3937 356 4004 5)
374 3939 407 3990 ci.
423 3939 494 3992 Gale
517 3940 535 3991 l.
548 3940 565 3992 1.
584 3958 609 4010 p.
631 3941 706 3994 5-6.
797 4015 798 4018 Ἴ

327 4022 356 4090 6)
376 4026 409 4076 cl.
429 4027 503 4079 Gale.
525 4029 541 4080 l.
557 4027 574 4077 l.
595 4027 709 4097 append,
733 4045 757 4097 p.
779 4025 821 4078 88.
842 4057 874 4069 -·
