2938 4716
1188 371 1207 436 9

167 555 346 637 sceptro),
378 551 536 634 colligitur,
567 549 644 612 diem
664 565 831 628 supremum
854 552 970 614 videtur
991 554 1112 632 obiisse,
1141 556 1208 620 ullis

168 659 316 734 omnino,
349 671 425 734 quae
447 653 566 733 probari
586 652 721 732 possint,
747 654 946 732 argumentis,
983 654 1012 715 id
1033 656 1112 736 quod
1131 657 1207 720 inira

170 769 255 838 (erp.
281 756 323 833 V)
344 754 553 829 ostendemus,
572 751 716 825 efficitur,
749 753 842 833 ipsum
863 754 938 816 ultra
960 773 1068 818 annum
1090 757 1209 820 circiter

169 853 386 922 DCCCLXXV.
413 853 501 915 uitam
522 851 711 932 produxisse.

256 955 373 1019 Deinde
395 955 470 1015 satis
492 951 676 1031 exploratum
697 949 839 1029 babetur,
875 951 934 1014 iam
957 954 1079 1016 circiter
1100 971 1208 1017 annum

170 1055 304 1121 DCCCL.
337 1055 477 1116 loannem
506 1059 639 1114 nostrum
660 1069 695 1113 ea
716 1052 871 1114 doctrinae
891 1054 988 1134 gloria
1009 1071 1064 1134 per
1078 1054 1206 1128 ¹Galliam

169 1167 273 1223 notum
296 1159 399 1233 luisse,
420 1162 452 1218 ut
471 1158 500 1218 in
519 1171 698 1218 summorum
719 1156 848 1217 virorum
873 1156 911 1217 de
933 1158 1207 1237 praedestinatione

169 1259 378 1324 controversia
388 1256 573 1333 Dinomenes,
584 1255 826 1336 archiepiscopus
839 1255 1005 1334 dionensis,
1017 1265 1046 1319 et
1055 1257 1207 1337 Pendulus,

170 1363 266 1442 episc.
290 1357 506 1431 laudunensis,
527 1375 605 1434 eum,
626 1357 678 1436 qui
700 1373 783 1417 suam
805 1372 924 1436 quoque
947 1356 1004 1421 bae
1025 1358 1063 1418 de
1085 1377 1119 1421 re
1133 1377 1208 1421 sen-

171 1464 293 1524 tentiam
314 1457 406 1520 literis
425 1455 594 1532 illustraret,
616 1455 842 1535 impulerint27).
873 1457 954 1518 Scoti
968 1456 1045 1519 liber
1062 1457 1099 1519 de
1116 1476 1208 1539 prae-

170 1561 370 1623 destinatione
394 1556 505 1637 prodiit
523 1573 603 1617 anno
625 1555 821 1634 DCCCLl²⁸).
864 1557 928 1620 lluo
959 1557 1093 1636 recedit,
1126 1561 1207 1640 quod

169 1665 279 1726 Scotus
302 1661 368 1721 sine
387 1657 444 1720 ulla
464 1657 669 1735 dubitatione,
699 1663 731 1719 ut
758 1658 907 1738 incapite
936 1659 984 1720 lll.
1006 1661 1208 1739 ostendemus,

169 1765 230 1826 iam
251 1768 319 1822 ante
342 1758 472 1822 DCCCL.
496 1756 595 1820 Caroli
618 1757 699 1820 Calvi
719 1759 800 1820 iussu
820 1757 1089 1842 Pseudo-Dionysii
1106 1761 1208 1824 Areo-

169 1864 289 1944 pagitae
319 1859 412 1922 libros
446 1875 484 1920 ex
517 1875 630 1940 graeco
664 1874 804 1921 sermone
836 1861 866 1920 in
899 1860 1018 1922 latinum
1054 1861 1206 1929 transtulit.

170 1965 283 2026 Verum
306 1961 332 2023 si
353 1961 418 2040 quis
440 1956 517 2019 bano
537 1959 630 2038 ipsum
647 1975 709 2019 rem
730 1965 869 2020 accurate
885 1961 1085 2039 perpenderit,
1108 1960 1207 2039 facile,

170 2064 342 2144 opinamur,
378 2060 544 2137 concedet,
577 2058 717 2121 loannem
749 2061 806 2121 iam
837 2060 948 2139 aliquot
970 2058 1099 2122 sortasse
1122 2061 1208 2122 annis
1285 2091 1287 2098 ⁴

170 2169 242 2226 ante
274 2180 381 2224 annum
417 2160 546 2226 DCCCL.
579 2159 609 2220 in
637 2146 730 2222 Callia
762 2159 862 2222 luisse.
907 2161 989 2234 Quae
1023 2177 1073 2222 res
1103 2161 1207 2222 mirum

169 2269 311 2344 quamum
324 2279 361 2324 eo
373 2261 513 2337 firmatur,
525 2260 604 2340 quod
613 2278 638 2322 s.
654 2261 838 2336 Prudentius,
846 2261 1002 2340 episcopus
1011 2260 1208 2339 Tricassibus,

168 2372 202 2428 ut
233 2362 337 2444 prooul
361 2361 450 2424 dubio
475 2361 622 2423 affirmare
644 2377 734 2442 posse
753 2361 897 2438 videmur,
929 2362 985 2423 iam
1008 2367 1077 2422 anto
1099 2345 1225 2422 annum‘

169 2463 383 2530 DCCCXLVll.
415 2464 443 2524 in
471 2462 600 2524 intimam
634 2451 699 2522 oum
722 2461 833 2524 loanne
855 2469 958 2524 nostro
982 2461 1207 2524 inmitiaritatem

168 2567 323 2649 pervenit;
345 2565 434 2645 idque
455 2566 484 2625 in
507 2565 571 2644 ipsa
594 2562 692 2625 Caroli
713 2563 794 2625 Calvi
819 2565 1063 2645 regianersans.
1113 2564 1208 2626 Conr-

168 2667 261 2750 pellot
282 2667 360 2728 euim
383 2683 407 2727 s.
430 2665 604 2727 Prudentius
624 2667 654 2725 in
677 2663 753 2726 libro
776 2681 843 2742 suo,
876 2666 923 2743 qui
946 2665 1117 2727 inscribitur
1151 2664 1207 2744 „da

169 2766 445 2849 praedestinatione
456 2771 560 2826 contra
574 2764 595 2825 l.
610 2765 728 2827 Sootum
741 2763 932 2846 Erigenam,“
953 2767 1060 2846 quique
1079 2765 1154 2826 liber
1169 2783 1206 2826 eo

171 2869 250 2948 ipso,
283 2870 366 2929 euius
385 2867 564 2928 mentionem
586 2865 722 2942 lenimus,
752 2865 872 2927 loannis
892 2865 974 2929 Seoti
997 2867 1035 2927 de
1057 2865 1207 2946 praedest.

170 2968 268 3047 libro,
289 2974 469 3048 provocatus
492 2973 572 3043 erat,
602 2983 668 3028 eum
691 2973 722 3027 ut
744 2965 912 3045 bominem,
933 2968 1051 3048 antiqua
1075 2969 1133 3028 iarn
1159 2965 1208 3027 la-

170 3069 339 3133 miliaritate
365 3068 423 3132 sibi
448 3068 730 3129 coniunctissimum.
774 3067 806 3129 ln
836 3069 901 3148 ipso
930 3067 996 3130 libri
1027 3067 1207 3140 exordisse)

169 3171 393 3251 „blasphemias
415 3175 523 3243 tuas‚“
558 3170 616 3245 ait,
650 3167 798 3245 „loannes
826 3185 969 3262 percurso
1005 3169 1207 3249 perversitatis

171 3281 241 3336 tuae
263 3272 339 3334 libro
372 3287 410 3332 eo
442 3268 594 3332 molestius
621 3269 745 3349 aucupi,
781 3287 839 3349 quo
868 3277 897 3332 te
931 3269 1103 3332 familiarius
1140 3287 1206 3332 am-

173 3428 355 3436 ....-...--.
372 3429 395 3438 ...
419 3431 445 3436 --
462 3430 518 3442 --

204 3525 255 3595 26)
276 3525 310 3576 cl.
330 3525 390 3578 Nat.
410 3524 484 3576 Alex.
505 3522 566 3575 hist.
586 3523 679 3574 reclus.
699 3529 761 3573 tom.
790 3519 839 3582 Vl,
865 3519 997 3572 dissertat.
1027 3519 1060 3572 da
1087 3521 1107 3572 1.
1134 3520 1206 3576 Stat.

268 3614 380 3681 Erigone
399 3649 405 3662 .
427 3647 458 3664 ..
482 3611 503 3683 §.
527 3613 551 3674 1,
570 3610 615 3664 Vl.

210 3717 258 3785 27)
277 3717 310 3769 cl.
330 3735 389 3787 sup.
407 3724 464 3768 not.
482 3715 509 3774 ³.
532 3745 564 3756 -

203 3820 252 3889 28)
271 3820 305 3872 cf.
322 3819 381 3870 tt'at.
402 3821 476 3870 Alex.
498 3819 561 3870 hist.
582 3819 675 3870 eccles.
695 3834 762 3868 saer.
782 3816 863 3870 lx-X.
884 3814 945 3865 diss.
958 3813 990 3874 V,
1010 3809 1085 3881 §.t't
1101 3809 1205 3872 Dil'll3

269 3905 329 3958 trin.
345 3907 398 3958 tiu.
418 3905 451 3958 de
471 3907 497 3958 la
517 3907 626 3968 Franco,
645 3915 707 3957 torn.
730 3903 767 3967 V,
793 3921 818 3974 p.
838 3901 892 3954 422
914 3897 991 3962 turri,
1015 3917 1040 3971 p.
1059 3895 1111 3952 248
1131 3905 1205 3958 eutr„

269 4012 295 4064 p.
316 3994 376 4045 229.
394 3993 464 4045 med.
785 4021 788 4028 ·

207 4099 256 4166 29)
278 4097 312 4149 rt'.
331 4097 445 4150 blasima
465 4096 591 4150 biblioth.
609 4105 659 4148 vet.
678 4070 783 4166 patrum
804 4103 867 4147 torn.
887 4091 943 4158 XV,
964 4109 987 4162 p.
1006 4087 1059 4142 so8
1078 4087 1108 4140 D.
