2938 4716
1114 345 1170 419 93⁸

135 527 245 590 liricus:
265 527 342 604 „Vel
367 525 505 604 maxime,
527 529 630 610 inquit,
652 527 745 590 l'uhis
766 535 917 590 aeternam
938 536 1021 607 parat
1040 549 1157 592 memu-

133 629 208 702 riam,
229 626 308 706 quod
331 627 516 689 famatissimi
537 631 586 690 avi
607 628 704 690 Vestri
725 629 824 690 Caroli
852 628 978 689 studium
1004 646 1076 709 erga
1098 633 1156 692 inr-

133 728 262 789 moriales
297 725 471 806 disciptinas
502 745 561 790 nun
596 729 685 790 modo
717 746 756 790 ex
789 744 885 808 aequo
915 732 1155 807 repraesentatis,

133 845 223 889 rerum
260 827 350 888 etiarn
385 828 609 908 incomparabili
643 829 764 890 terrore
804 829 1034 906 transcenditis;
1077 829 1155 904 ianr,

132 929 203 1006 quod
221 928 270 990 tite
291 927 397 1006 sopitis
420 927 521 988 eduxit
542 929 712 1003 cineribus,
743 927 803 988 llos
834 927 966 988 torrento
995 925 1155 1005 multiplici,

131 1035 183 1090 inm
198 1027 429 1104 beneficiorum,
461 1034 520 1089 inm
542 1028 742 1102 nimiminus,
762 1045 855 1107 usquc
875 1045 990 1106 quaque
1012 1025 1156 1106 provehi-

130 1129 173 1190 tis.
190 1165 230 1178 -
251 1127 348 1188 -ld
371 1127 458 1188 vohis
481 1126 632 1209 singulare
657 1129 785 1188 studium
807 1127 970 1204 etlccistis,
1002 1133 1035 1188 ut
1061 1127 1157 1189 sicubi

131 1217 266 1291 t'crrarum
304 1229 442 1308 magistri
470 1227 613 1290 llorercnt
646 1229 769 1305 artium,
804 1245 925 1308 quarum
966 1228 1156 1310 principalem

132 1323 242 1407 operarii
266 1327 454 1408 philosophia
475 1327 640 1408 pomacium
663 1329 721 1390 hoc
745 1330 781 1389 ad
797 1320 942 1408 publicam
959 1329 1156 1391 eruditionem

132 1430 318 1509 unaecunque
339 1428 444 1490 Vesica
466 1429 611 1491 celsitudo
631 1429 826 1505 conduceret,
848 1431 971 1491 corrriias
988 1429 1156 1506 attraheret,

133 1528 272 1608 dapsilitas
295 1535 484 1609 provocaret.
508 1563 545 1578 -
568 1568 607 1580 -
629 1565 671 1578 -
693 1529 769 1603 uuit
789 1529 959 1592 ttiherniam
984 1547 1156 1606 memorem,

134 1635 291 1710 contempto
323 1627 422 1710 pelagi
454 1629 626 1691 discrimine
647 1647 744 1710 paene
767 1637 830 1691 toto
853 1649 918 1692 cnm
939 1644 1034 1711 grege
1058 1628 1156 1708 phito-

134 1727 284 1807 sophorum
306 1729 344 1790 ad
368 1719 466 1790 tiilora
491 1734 593 1790 nostra
623 1729 824 1809 migrantem?
860 1729 990 1802 Quorum
1024 1727 1156 1808 quisquis

134 1829 245 1906 peritior
264 1835 321 1906 est,
354 1828 430 1890 ultro
450 1829 507 1892 sihi
531 1828 634 1890 indicit
653 1829 781 1906 exilium,
815 1835 845 1890 ot
865 1829 1015 1892 Salomoni
1034 1829 1156 1908 sapien-

135 1926 239 1990 tissimo
262 1927 418 1989 tumuletur
439 1928 477 1990 od
498 1934 608 1990 uuturn.
632 1965 670 1977 -
692 1937 756 1978 -t‘

207 2029 304 2109 Atque
327 2031 405 2090 inter
435 2027 492 2090 hos
526 2030 627 2107 viros,
659 2028 814 2091 doctrinae
844 2028 932 2103 laudo
964 2030 1155 2108 conspicuos,

134 2145 249 2208 qaorum
275 2128 380 2210 partim
401 2136 543 2206 vocatos,
573 2129 678 2210 partim
708 2128 785 2190 ultro
814 2128 851 2190 ad
875 2129 1012 2190 Carotum
1037 2131 1157 2190 ventsse

132 2247 169 2290 err
187 2229 273 2291 Erico
297 2231 451 2306 videmus,
486 2229 563 2290 lama
591 2228 629 2290 od
661 2237 800 2310 posteros
827 2237 908 2290 certe
929 2247 1001 2308 praa
1022 2231 1157 2291 omnihus
1236 2221 1239 2232 '

133 2331 236 2391 ueteris
256 2331 378 2392 eminuit
400 2329 528 2390 loannes
548 2330 666 2392 scotus.
708 2331 773 2403 Quo
801 2336 897 2391 autem
919 2330 983 2392 iure
1005 2331 1157 2392 recentio-

133 2447 191 2491 rum
210 2429 361 2510 plarimi²p
385 2449 451 2492 enm
474 2449 491 2491 a
514 2429 621 2491 Curato
644 2429 729 2491 calvo
758 2431 930 2491 arcessitum
961 2429 1076 2506 dicant,
1102 2447 1158 2492 nus

110 2529 240 2608 ‚mitem
292 2531 428 2610 proiectu
473 2545 535 2591 nou
579 2529 781 2609 intelligimus.
854 2529 1023 2593 Guiliolmus
1077 2531 1155 2593 enim

131 2629 405 2708 ltatmeshuriensis,
427 2647 512 2712 quem
535 2631 659 2710 primum
680 2629 738 2691 hac
760 2629 797 2692 rlc
820 2649 853 2692 re
873 2631 1030 2710 scripsisse
1046 2635 1102 2694 iam
1119 2651 1158 2694 ex

132 2731 237 2794 Thomu
260 2731 389 2807 Galeo³J
423 2732 570 2811 colligas,
608 2747 754 2810 quomque
791 2731 910 2793 Simeon
945 2731 1158 2810 tlunelmensis,

133 2831 264 2894 ltutihias
286 2831 637 2906 Westnronasterieusis,
668 2831 718 2890 atii
751 2831 789 2892 ad
818 2831 938 2892 uerbum
960 2831 1023 2894 lere
1044 2833 1158 2895 deseri.

133 2939 264 3010 pserunt3
285 2932 340 2994 sed
354 2931 525 2994 Guiliolmus
539 2930 807 2992 malmesburiensis
823 2931 915 2997 trihus
929 2930 1040 3008 locist)
1053 2933 1156 2994 iisrlem

229 3165 290 3215 loco
308 3163 484 3215 describendo
503 3165 610 3234 saepius
625 3182 639 3214 a
653 3163 872 3214 Standenmaiero
895 3167 1057 3225 recessimus,
1077 3181 1157 3230 quitum

226 3251 318 3320 potius
341 3252 498 3303 Bollandurn
519 3253 591 3321 (tutti
611 3269 693 3303 nicar.
715 3263 779 3302 tom.
801 3253 857 3316 vlt,
876 3271 902 3322 p.
922 3253 973 3304 ²21
988 3254 1007 3303 l·'
1022 3280 1049 3291 -
1065 3251 1159 3320 2223)

226 3338 392 3408 sequendam
413 3357 469 3390 esso
488 3338 655 3402 duceremus,
675 3355 755 3408 quarn
773 3339 861 3390 illrum.

176 3443 256 3510 QJcs.
277 3441 360 3492 utura
381 3460 407 3512 p.
426 3441 566 3506 39-40,
597 3441 808 3494 Stoudenmaier.
838 3461 864 3511 p.
895 3443 952 3493 ihi.
987 3440 1160 3492 Sclrlueterus

223 3531 319 3582 saltem
337 3527 388 3580 hoc
406 3529 501 3590 hahet,
523 3529 640 3591 scotuna,
659 3537 798 3600 postquam
817 3527 963 3579 iuGatliam
983 3545 1010 3580 ae
1033 3527 1162 3580 cautelis·

222 3625 273 3679 set,
292 3633 307 3666 a
329 3628 389 3684 regu
411 3616 508 3668 Carolo
532 3617 642 3668 Parisios
662 3625 784 3668 vocatum
805 3633 870 3668 crac.

178 3703 207 3770 3)
225 3705 260 3754 ct.
280 3705 377 3758 Thom.
399 3703 475 3755 Gale.
493 3705 511 3754 l.
524 3705 542 3754 l.
564 3707 662 3760 testim,
680 3723 704 3772 p.
726 3705 751 3757 5.

176 3787 206 3856 i)
227 3791 259 3842 ln
276 3789 346 3841 libro
367 3791 389 3842 V
408 3789 442 3842 de
463 3790 754 3842 Pontificibus-inedito
773 3792 862 3857 (Gale.
882 3798 943 3842 test.
958 3809 981 3860 p.
997 3789 1044 3856 5.),
1065 3789 1161 3856 irrepi-

226 3877 298 3928 rtola
316 3875 348 3928 ad
371 3878 477 3929 Petrum
499 3877 632 3947 quoadum
651 3883 696 3946 (ea
722 3877 814 3928 coilice
834 3877 965 3930 'firuaneo
989 3876 1025 3927 ht.
1044 3875 1068 3926 S.
1089 3874 1161 3944 apud

221 3961 353 4014 'thomam
383 3964 460 4016 Gale.
490 3965 538 4016 Ι.Ι.
566 3983 592 4036 p.
613 3965 658 4032 7),
690 3967 717 4016 in
745 3965 820 4016 libris
842 3964 874 4016 de
893 3966 973 4034 gestli
994 3979 1084 4031 regum
1111 3963 1164 4016 Aa·

225 4049 291 4121 glor.
311 4051 344 4112 ll,
362 4051 386 4104 4.
