2944 4714
254 433 295 488 ,2
343 404 405 484 §cd
429 411 461 472 et
485 400 572 475 tabes
594 401 745 473 macrias
764 405 898 488 scihar,
920 403 1050 476 danice
1072 402 1246 479 Ham
1260 413 1360 488 quet

255 513 331 575 ,ctat
344 491 497 563 welants
518 493 645 568 bomine
660 493 751 558 ettam
771 493 1062 564 arctisalnterdntu
1083 491 1272 570 ¹tudiniacus,
1292 510 1360 560 ex-

256 581 364 663 ,euple
397 581 580 662 nequissimi
612 581 770 664 magistri,
801 581 1026 648 fraternitatem
1059 579 1228 660 ocrem.
1263 595 1361 660 qum

257 668 348 747 ¹Gilda
364 667 460 751 uulgo
474 666 641 750 appellant,
663 669 855 746 instituerat,
878 669 911 732 in
934 686 994 750 qna
1017 665 1302 744 duodecimairos,
1325 666 1361 730 in

257 757 359 838 figura
378 753 542 820 duodecim
565 753 795 836 apostolorum,
827 761 860 820 et
881 771 974 820 ucoca
999 761 1114 820 tautane
1134 753 1301 826 lenirem,
1325 753 1362 818 itt

257 841 358 926 iiprua
373 841 406 908 li.
421 841 549 918 Mariae,
565 842 741 919 constituit;
757 857 850 922 qnae,
865 849 899 906 ut
913 842 1028 926 ierunt,
1050 837 1265 922 persingulas
1280 837 1361 905 lilo-

258 927 507 1000 tuutdcodecirc
530 929 826 1006 circumducebatur,
854 935 887 993 et
907 929 944 994 ad
970 929 1113 1010 injuriata
1137 931 1362 992 sacrosanctae

259 1015 410 1098 virginis,
424 1013 543 1080 cetaria
560 1015 762 1095 turpitudine,
786 1017 874 1096 quasi
901 1015 940 1080 ad
955 1014 1217 1080 condennationem
1238 1011 1361 1084 irater-

171 1129 173 1133 *
261 1103 380 1181 uitatis,
396 1101 530 1186 singulis
545 1103 739 1168 miscebatur.
770 1102 935 1184 Presbyter
958 1103 1049 1166 etiacr
1065 1101 1188 1183 quidarn
1203 1098 1361 1168 uverne-

261 1188 377 1260 chorus
392 1191 530 1266 nomine,
545 1207 563 1252 a
580 1189 765 1253 sacerdotali
781 1189 932 1274 dignitate
947 1195 1138 1271 apostatans,
1152 1186 1279 1251 celandi
1292 1186 1361 1254 be·-

262 1276 354 1345 acinis
377 1275 556 1358 magisterio
579 1274 731 1340 adhaesit:
756 1278 863 1358 quiet
887 1275 970 1340 illurn
997 1276 1136 1350 nonan,
1160 1279 1361 1355 prosecutus,

226 1419 232 1428 .
261 1363 412 1442 craritirnc
429 1363 509 1438 teca,
525 1370 663 1442 quartana
679 1364 799 1427 scilieet
814 1370 930 1442 partem
945 1360 1149 1442 Episcopatus
1164 1362 1275 1437 nostri,
1292 1360 1362 1426 de·

261 1448 439 1524 ruciacensi
453 1448 619 1528 Episcopia
634 1451 724 1530 regni
736 1451 883 1514 Franciae
905 1449 1092 1515 authoritate
1107 1449 1232 1515 Domini
1247 1465 1361 1530 papae,

261 1534 461 1618 attertninare
477 1541 607 1600 meatus
621 1543 687 1600 est:
704 1554 794 1618 querc
810 1538 901 1602 etiarn
917 1542 1109 1602 cannetitate
1123 1542 1226 1602 castra
1242 1535 1361 1598 detec-

259 1619 530 1698 dac-andivimus,
556 1627 590 1686 ct
609 1623 709 1704 parisi
730 1641 848 1688 sumus.
887 1623 962 1688 ltcrn
987 1624 1152 1704 presbyter
1177 1639 1234 1702 per
1255 1624 1362 1688 cannia

263 1705 443 1780 Taccbelini
458 1716 609 1785 assertor,
621 1710 757 1776 decimas
773 1711 899 1788 fratrum
915 1709 1074 1776 Ecclesiae
1089 1710 1121 1776 S.
1134 1709 1215 1772 Petri
1231 1709 1361 1786 taraci,

160 1829 165 1846 ι
261 1795 477 1878 presbyterum
495 1800 632 1878 ipsorum
649 1805 764 1862 armata
780 1817 879 1864 ccccc
895 1799 932 1864 ab
948 1796 1036 1863 altari
1053 1804 1084 1860 et
1098 1794 1238 1860 Ecclesia
1254 1798 1360 1876 eiecit.

261 1881 384 1966 induite
406 1890 502 1960 sunt,
516 1883 666 1960 Domine,
687 1882 810 1948 illorunr
838 1884 973 1962 scelera,
992 1899 1124 1966 cuorum
1147 1881 1281 1964 plurima
1300 1901 1360 1962 pro

228 2009 235 2016 -
262 1969 423 2050 epistolari
443 1969 596 2034 brevitate
616 1971 853 2053 suppressimus.
903 1971 971 2036 ilcc
996 1971 1033 2035 ad
1064 1989 1211 2037 somareon
1237 1971 1361 2036 dixisse

261 2053 404 2134 sufficiat,
418 2074 470 2122 res
486 2055 607 2120 divinas
622 2058 653 2122 in
670 2064 785 2122 tantuna
802 2060 926 2124 venisse
943 2065 1161 2139 conternptnna,
1177 2063 1212 2122 ct
1224 2064 1359 2138 repute-

252 2145 312 2205 'tcr
326 2143 475 2221 sanctior,
490 2143 675 2224 cuicumque
690 2145 785 2210 luerit
799 2145 936 2210 Ecclesia
949 2145 1137 2227 despectior.
1207 2176 1216 2190 ·

272 2285 287 2296 .
349 2227 428 2308 Quia
444 2231 551 2311 igitur,
567 2238 672 2296 sancte
688 2232 788 2308 Pater,
811 2231 917 2298 deivina
937 2231 1162 2306 misericordia,
1184 2231 1357 2299 Ecclesiam

260 2332 347 2383 suurn
362 2315 479 2383 diutius
494 2317 664 2400 periclitari
680 2337 742 2384 non
758 2321 927 2395 sustinens,
953 2319 1025 2384 illos
1050 2320 1081 2382 in
1104 2337 1213 2384 manus
1235 2325 1359 2384 uacuae

263 2402 400 2480 tradidit,
418 2421 564 2482 reuectus
579 2412 611 2470 et
624 2405 822 2472 dacremus
838 2409 871 2472 in
886 2407 1031 2484 bonine,
1046 2423 1087 2470 ae
1101 2415 1164 2487 que
1177 2407 1302 2472 ratione
1317 2405 1358 2472 de

260 2490 403 2566 canibus
420 2495 533 2557 vestris
549 2492 720 2559 etabananr.
752 2492 823 2569 Qui,
839 2496 867 2558 si
883 2493 980 2574 elapsi
994 2493 1122 2569 inerint,
1136 2491 1357 2561 denuntiamus

261 2575 363 2652 cobis,
386 2582 418 2638 et
432 2577 502 2640 sinc
518 2578 602 2642 cunni
617 2579 817 2661 atarbiguitate
832 2587 1024 2655 attestamur,
1044 2580 1176 2644 sutcrcrn
1191 2582 1356 2664 irrecupe-

260 2659 388 2724 rabilem
403 2657 560 2740 Ecclesiae
584 2673 711 2732 ncstrae
721 2666 883 2746 jacturam,
908 2677 940 2730 et
961 2668 1147 2734 infinitarum
1174 2672 1356 2750 perniciora.

260 2733 344 2847 llere
358 2747 501 2828 Doruine,
527 2754 744 2832 gravissimum
765 2773 869 2820 casum
891 2755 1029 2820 Ecclesia
1049 2762 1155 2823 nostru
1177 2756 1356 2834 sustinebit,

261 2853 291 2906 ει
313 2835 468 2915 quomode
491 2837 626 2905 euadere
648 2839 720 2913 illos
746 2843 932 2924 contigerit,
957 2861 1089 2923 quorum
1112 2861 1236 2919 sermo,
1266 2844 1356 2924 juxte

261 2922 447 3004 apostatum,
471 2929 505 3006 ut
520 2943 632 2990 marcet·
646 2929 755 3008 serpit,
780 2936 811 2992 et
824 2929 1008 3010 simplicium
1031 2930 1151 2995 aciem
1167 2929 1356 2998 daadtende

172 3067 176 3078 .
258 3010 393 3092 perimit.
423 3009 514 3074 Nunc
529 3030 653 3094 quoquae
669 3015 708 3080 ob
724 3015 785 3080 hcc
800 3017 901 3097 ipsura
918 3016 1127 3082 Antichristus
1143 3023 1263 3096 noster,
1274 3019 1357 3086 tto-

261 3095 394 3168 nachon
411 3099 567 3180 mentitus,
584 3102 727 3182 eaentplo
744 3105 853 3182 capitis
868 3104 962 3181 illics,
987 3105 1074 3184 eujus
1095 3106 1267 3170 membrana
1288 3106 1356 3172 tac-

258 3188 312 3268 tcs
327 3189 387 3261 est,
402 3184 435 3246 in
448 3186 595 3268 angelum
611 3183 739 3254 iecisse
755 3190 995 3274 transfiguravit,
1017 3199 1050 3257 ut
1071 3193 1214 3259 securius
1239 3193 1355 3260 illude-
1447 3191 1448 3218 ¹

258 3276 317 3346 ret,
325 3286 389 3354 cco
398 3275 553 3351 versutius
561 3275 698 3356 spectent
707 3279 1028 3342 sanctitatissirnulata
1036 3280 1233 3358 sumpsisset
1246 3281 1355 3364 Roga-

260 3355 517 3435 pavoninoet
521 3359 604 3439 justa
614 3363 826 3443 crdtgnattonc
837 3363 1183 3432 nicaeaminiaduersas
1192 3365 1356 3438 detestan-

260 3433 528 3542 desdiasipatores
536 3447 926 3531 Eraclesiaemugustinua:
941 3449 1090 3530 ,Quando
1102 3453 1262 3520 votaueca
1274 3473 1355 3522 ecc-

259 3536 358 3592 citare
364 3537 536 3611 potestates
542 3535 692 3604 adversus
703 3537 928 3616 schismaticos,
940 3539 1091 3602 adversim
1099 3537 1288 3620 haereticos,
1296 3542 1353 3607 ad-

259 3632 369 3680 versus
379 3618 580 3698 dissipatores
589 3621 756 3698 Ecclesiae,
766 3613 1143 3693 adversusexsuillaloree
1154 3623 1280 3703 curtati,
1292 3647 1355 3695 ccc
1447 3677 1448 3704 ,

260 3702 424 3780 aspirantem
440 3707 514 3788 quia
528 3709 611 3772 ttena
626 3711 770 3786 concitat,-
786 3718 821 3776 ut
836 3713 938 3778 aSara
954 3713 1241 3793 verbaercrdcar.
1267 3714 1355 3796 Cas·

259 3796 367 3886 noscat
382 3809 416 3890 ιο
430 3793 527 3876 Agar,
543 3805 637 3876 ponat
652 3801 816 3874 cervicem,
831 3807 1007 3882 reperiatur
1023 3801 1060 3864 ad
1076 3801 1240 3872 Dorcinttut
1254 3821 1352 3870 wana.

262 3873 342 3960 Quid
359 3887 518 3960 narrantur,
543 3885 614 3964 quia
638 3894 872 3956 corcnroventur
895 3894 1064 3966 potestates
1086 3887 1273 3960 christianas
1295 3890 1352 3956 sd-

259 3978 370 4040 versna
398 3965 599 4054 detestandos
624 3971 829 4054 dissipatores·
840 3975 1016 4040 Ecclesiae!
1047 3975 1132 4060 Ergo
1154 3994 1217 4042 coc
1242 3995 1352 4044 icore-

259 4051 385 4131 recturi
403 4057 434 4117 et
448 4057 606 4138 qucpacdo
622 4057 792 4126 redderent
806 4062 957 4126 reticeant
974 4082 1012 4126 ao
1027 4064 1159 4143 irnperio
1173 4064 1252 4128 suoi
1275 4065 1352 4130 Per-

260 4137 338 4202 tinet
352 4133 412 4208 boe
428 4137 464 4202 ad
481 4160 574 4228 reges
590 4142 788 4228 christianos,
807 4156 840 4216 ut
854 4149 1044 4230 temporibus
1059 4151 1275 4232 suispcratac
1290 4169 1349 4219 te-
