2938 4716
306 321 347 387 60

389 507 537 574 Primitiae
560 505 693 570 Christus
713 509 861 570 reseravit
881 513 965 588 septa
987 507 1116 590 sepulcri

451 609 579 672 Nostrae
599 608 728 672 Naturae
751 607 865 688 perdita
889 609 1058 671 restituens.

390 711 500 774 tiaram
522 725 601 771 nuno
623 725 722 770 rerum
743 707 933 770 celebrantur
955 709 1088 788 symbola
1111 725 1199 772 sacra

447 809 522 872 Dum
544 813 650 889 parent
673 808 779 883 ocutis,
799 809 947 892 mentibus
968 814 1037 870 nota
1058 809 1150 888 prius,

386 911 460 974 Dum
483 925 591 988 corpus
614 907 732 984 Christi,
755 905 824 970 dum
844 909 924 971 sacri
944 908 1098 988 sanguinis
1119 907 1229 971 undam

447 1007 483 1070 Et
507 1009 631 1087 pretium
652 1006 754 1069 mundi
774 1023 860 1070 mens
882 1007 931 1088 pia
955 1007 1048 1069 corde
1069 1010 1157 1089 sapit,

383 1108 459 1171 Dum
481 1123 631 1168 memores
655 1123 781 1168 coenam
807 1107 920 1170 domini
941 1123 1119 1170 revocamus
1141 1109 1171 1170 in
1196 1107 1303 1186 annos,

449 1208 523 1278 Dum
544 1205 645 1287 plures
663 1208 739 1270 odas
760 1215 909 1271 consonat
926 1208 992 1289 ipse
1006 1209 1134 1294 jclrorus.

381 1305 522 1371 Aeternis
542 1308 647 1387 epulis,
667 1325 741 1388 quas
763 1309 888 1389 mystica
908 1309 995 1390 signa
1016 1307 1155 1390 figurant,

446 1407 587 1488 Digaoris
612 1407 751 1471 Carolum
774 1405 900 1488 pascere
916 1409 1029 1472 ¹Christi
1053 1414 1159 1473 tuum.t

384 1505 447 1570 llus
467 1510 535 1570 item
559 1509 689 1588 pertinet
709 1508 794 1571 iocus
817 1507 866 1570 illo
890 1507 928 1570 de
956 1525 981 1570 s.
1013 1506 1221 1583 Eucharistia‚
1255 1521 1345 1588 quern

300 1606 458 1670 lloellerus
472 1613 527 1684 ¹⁰⁶)
551 1626 590 1670 ex
613 1610 826 1673 commentario
851 1608 979 1688 modam
1000 1609 1037 1670 ad
1059 1605 1344 1687 Pseudo-Dionysii

300 1707 503 1788 Areopagitae
516 1706 714 1769 hierarchiam
730 1708 902 1785 coelestem,
922 1725 1009 1787 quem
1021 1709 1127 1770 Scotus
1139 1713 1243 1769 noster
1262 1707 1345 1769 scri-

299 1808 397 1888 psisse
419 1813 535 1887 putatur
553 1811 607 1882 ¹⁰⁵)
629 1806 757 1887 protulit
800 1807 867 1886 lpse
898 1806 982 1869 locus
1012 1807 1062 1868 hic
1091 1814 1152 1869 est:
1188 1803 1346 1887 „Sequitur

300 1914 348 1988 „et
370 1908 400 1970 in
422 1925 512 1970 unum
530 1906 824 1988 priucipationis¹⁰⁶)
853 1910 947 1988 ipsam
969 1907 1172 1970 divinissimae
1191 1907 1344 1970 Euchari-

300 2008 377 2070 stiae
397 2009 656 2090 assumptionem.“
680 2007 807 2087 latuere,
825 2025 911 2088 quam
930 2007 1064 2088 pulchre,
1087 2025 1173 2088 quam
1197 2023 1343 2088 expresse

298 2109 426 2170 asserit:
450 2108 594 2170 visibilem
616 2107 694 2170 banc
716 2107 943 2185 Euchariston,
961 2126 1046 2188 quam
1075 2108 1207 2188 quotidie
1232 2123 1340 2169 sacer.

258 2219 262 2232 ¹
299 2207 387 2270 dotes
408 2209 558 2270 ccclesiae
579 2209 608 2268 in
633 2208 719 2271 attari
743 2208 915 2271 coniciunt:
936 2210 1063 2288 typicam
1087 2225 1155 2270 esse
1171 2207 1342 2270 similitudi-

297 2325 365 2371 nem
388 2308 547 2388 spiritualis
568 2307 865 2387 principattonisvv)
889 2307 975 2386 lesu,
1011 2325 1097 2389 quam
1125 2307 1252 2370 lideliter
1271 2305 1340 2368 solo

297 2407 450 2470 intellectu
461 2412 624 2488 gustamus,
649 2407 678 2469 b.
694 2423 721 2469 e.
738 2407 939 2487 intelligimus,
964 2407 1053 2487 inque
1070 2413 1190 2468 nostrae
1214 2413 1340 2468 naturae

297 2510 440 2570 interiora
461 2507 578 2569 viscera
610 2507 751 2568 sumimus
771 2505 810 2567 ad
832 2513 963 2568 nostram
987 2506 1111 2568 salutem
1134 2513 1164 2568 et
1186 2506 1340 2586 spirituale

296 2609 511 2684 incrementum
549 2613 580 2668 et
611 2603 790 2674 inetlabilem
823 2606 1049 2669 deificationem.
1095 2606 1221 2685 Oportet
1249 2622 1339 2686 erpo,

295 2709 398 2789 inquit,
418 2708 576 2770 humanum
598 2707 726 2768 animum
749 2725 788 2769 ex
806 2708 996 2770 sensibilibus
1014 2708 1104 2770 rebus
1119 2709 1148 2767 in
1165 2705 1340 2768 coelestium

221 2875 224 2882 ,
296 2811 434 2872 virtutum
456 2807 675 2870 similitudinem
697 2813 728 2870 et
747 2806 953 2888 aequalitatem
975 2806 1186 2870 ascendentem
1200 2805 1340 2868 arbitrari

298 2909 511 2972 divinissimam
542 2906 757 2971 Eucharistiam
788 2907 933 2970 visibitem
957 2910 986 2969 iu
1008 2907 1138 2968 ecclesia
1163 2904 1340 2967 conforma-

296 3014 356 3072 tam
376 3011 504 3070 maxime
526 3013 625 3088 typum
649 3025 717 3070 osse
745 3007 980 3088 participationis
995 3011 1050 3084 ¹⁰⁸)
1075 3007 1183 3086 ipsius,
1215 3022 1272 3085 qua
1307 3011 1339 3066 et

296 3125 377 3171 nunc
395 3107 604 3188 participamus
624 3107 720 3168 lesum
741 3125 795 3188 per
815 3107 903 3169 tidem
925 3113 955 3168 et
975 3107 1006 3168 in
1025 3107 1191 3184 rutero-¹⁰⁹)
1211 3107 1339 3186 partici-

293 3279 359 3292 ..—

314 3363 377 3433 100)
403 3363 454 3416 Die
473 3361 621 3417 deutschen
641 3361 746 3432 Pipste.
765 3360 885 3414 Abtlrail.
906 3362 940 3423 ll,
958 3379 986 3432 p.
1001 3360 1045 3414 80.

315 3467 378 3532 105)
403 3466 444 3518 Cl.
464 3467 512 3519 iul.
533 3483 590 3536 cap.
612 3467 649 3518 VI
667 3473 733 3518 extr.
754 3465 788 3517 da
809 3467 914 3536 scriptis
932 3465 1061 3533 Erigonae
1080 3463 1178 3518 dubita.
1205 3465 1269 3517 Nro.
1287 3464 1334 3518 lll.

315 3569 379 3639 106)
398 3568 521 3634 Videtur,
540 3569 681 3638 legendum
700 3587 757 3622 arae
774 3567 1025 3640 „participationis.‘⁴
1042 3569 1083 3621 Ci.
1103 3567 1153 3622 iai.
1173 3575 1229 3621 not.
1251 3565 1310 3620 toa.

316 3673 380 3740 107)
401 3671 441 3724 Cl.
460 3689 518 3741 sup.
539 3681 596 3726 mot.
619 3671 678 3726 106.

310 3773 374 3843 108)
402 3775 440 3826 Ex
460 3774 502 3828 hia
521 3775 587 3829 locis
606 3785 699 3846 patera
717 3775 831 3838 ridetur.
851 3791 905 3846 quo
924 3776 982 3827 iura
1005 3771 1222 3844 supranot.106
1241 3772 1335 3840 legau-

400 3861 464 3914 dum
491 3877 549 3914 essa
573 3863 695 3916 arbitrati
722 3863 803 3916 simus
825 3864 873 3916 Pro
892 3861 1132 3934 „priucipatiouia“
1152 3889 1187 3903 -
1206 3846 1336 3930 „partielss

399 3949 544 4019 patiouirn‘

307 4033 371 4106 100)
400 4037 539 4101 ‚,tuturo.“
