2944 4714
666 203 690 260 V

600 265 754 298 unuh-

133 385 353 462 mirmandam
368 405 440 456 esre
454 385 589 454 decrevi.
626 388 736 458 Sciens
750 406 844 472 porro
862 387 1044 456 familiarem
1058 393 1144 456 ιιιιιιι
1158 387 1221 456 do·

133 482 253 546 minnan
269 475 425 543 Paulinum
441 475 611 542 lletensem
626 479 834 560 primicerium
850 477 905 542 tibi
920 479 1125 561 propriorem,
1145 477 1221 542 tibi·

135 585 198 652 que
214 567 369 647 aliquanto
385 563 567 630 viciniorem
583 584 665 646 esse,
682 573 713 630 et
728 585 794 632 mea
810 566 963 648 petitione
977 572 1009 630 ct
1023 583 1078 630 sua
1094 564 1221 646 pollici-

134 656 254 720 tatione
269 653 412 736 delegavi
426 649 487 718 sibi
502 653 594 736 bajus
610 655 728 737 negotii
743 654 968 720 executionem.
1006 652 1049 718 At
1070 652 1123 718 ille
1142 655 1221 722 (non

135 743 219 808 enim
244 743 276 805 in
306 741 364 806 bac
385 759 421 806 re
447 740 575 806 laudare
598 748 835 825 compassum)
860 742 928 806 sive
948 741 1128 806 alterutrum
1152 741 1222 805 siae

134 837 292 912 ununquc
313 835 464 907 nostrum,
485 847 585 911 usque
606 828 706 894 adbuc
725 829 853 913 reliquit
868 847 916 892 me
931 845 1125 910 suspensum.
1160 826 1222 892 Sed

134 917 242 982 divina
257 917 356 1000 pratia
382 933 440 982 nos
462 934 616 999 nunquam
640 917 816 1000 negligens,
842 917 1002 998 inopinato
1021 915 1095 981 mibi
1111 914 1223 981 obtulit

133 1005 248 1070 melius
264 1021 354 1085 quam
369 1004 521 1085 optabam.
553 1003 700 1086 Optoborn
716 1012 819 1071 autern
835 1006 977 1069 invenire
992 1004 1146 1068 bominem
1162 1021 1222 1086 pe-

133 1091 316 1173 regrinandi
331 1109 389 1156 usu
404 1094 616 1170 exercitatum,
630 1093 771 1177 regionis
788 1101 820 1158 et
829 1091 945 1175 lingue
957 1091 1143 1157 Francorum
1159 1107 1223 1156 noo

135 1181 298 1263 ignarum3
320 1184 352 1243 et
371 1197 445 1244 ecce
460 1180 545 1245 stetit
559 1179 632 1244 mibi
649 1199 667 1244 e
683 1178 780 1244 latere
795 1181 891 1246 lrater
906 1181 966 1243 iste
982 1179 1018 1244 G.
1034 1197 1075 1244 ex
1089 1186 1143 1245 tuo
1159 1195 1222 1242 no-

136 1268 223 1331 mine
237 1266 380 1330 salutans
422 1266 573 1347 Obstupui
588 1285 653 1350 praa
671 1267 798 1350 gardim
821 1268 1223 1349 ettamennonpotuitam

135 1355 301 1436 repentino
323 1354 449 1418 eventui
470 1354 572 1433 iidem,
599 1356 750 1439 integram
771 1355 904 1434 babere,
927 1353 1000 1437 quia
1023 1353 1118 1419 irater
1140 1353 1222 1418 idem

135 1441 256 1508 nullum
278 1441 334 1505 abs
358 1448 388 1505 te
403 1443 525 1524 signum
545 1442 760 1508 litteratorium
786 1444 845 1512 (ιιιι
867 1459 933 1509 mos
948 1448 997 1506 est
1011 1440 1093 1506 inter
1107 1443 1224 1507 amicos

135 1535 199 1595 taur
222 1527 317 1632 longe
331 1537 469 1595 remotos
484 1537 605 1612 umque
620 1529 674 1594 diu
688 1547 751 1594 non
767 1531 868 1600 visos)
883 1529 1043 1608 alierebat;
1066 1530 1149 1611 quod
1173 1536 1223 1592 ta-

134 1635 209 1684 rnen
235 1617 346 1700 ipsum,
370 1617 473 1682 multis
496 1617 535 1682 de
562 1619 663 1682 causis
685 1617 776 1682 lacile
798 1615 1026 1701 persuabilibus
1048 1615 1223 1682 excusabat

134 1707 214 1773 Slve
235 1722 313 1787 ergo
334 1721 420 1783 aere,
442 1705 510 1768 siae
532 1705 624 1769 aliter
638 1705 699 1771 boc
720 1705 847 1788 agebat3
870 1724 930 1786 ego
957 1721 1027 1768 eum
1050 1724 1068 1770 a
1090 1705 1223 1770 Ucrnino

134 1800 343 1877 preparatum
360 1791 435 1856 ιιιιιιι
450 1811 520 1858 esse
535 1811 599 1858 non
614 1792 766 1872 diffidens,
789 1793 876 1858 nolui
900 1791 1014 1858 diutius
1029 1791 1223 1856 dissimulare

135 1883 214 1964 quin
239 1883 306 1961 ipse
321 1885 404 1944 metu
425 1897 461 1943 ac
483 1881 594 1964 spiritu
620 1898 690 1945 mco
717 1880 935 1962 (presentibus
957 1876 1056 1944 literis
1079 1885 1222 1961 tanquam

134 1969 249 2051 pennis
265 1968 386 2037 induto)
408 1985 465 2050 per
488 1974 571 2032 tatrta
587 1975 737 2033 terrarum
754 1970 851 2052 spatia
867 1965 1104 2032 transvolarem:
1128 1966 1223 2031 obse-

135 2075 229 2122 crans
243 2073 301 2138 per
316 2055 555 2120 misericordiam
571 2055 641 2134 Dei,
656 2074 713 2138 per
728 2056 940 2122 suavissimam
957 2056 1133 2120 memoriam
1149 2052 1224 2117 Ful-

136 2145 231 2222 berti‚
253 2150 288 2206 ut
309 2160 414 2223 pacem
430 2143 612 2208 catholicam
630 2143 752 2226 diliges,
775 2161 877 2225 neque
892 2145 1059 2210 conturbes
1073 2142 1224 2221 rempub·

136 2232 228 2298 licam
250 2231 426 2295 christiane
446 2231 578 2295 civitatis
598 2230 679 2294 bene
701 2234 901 2316 compositam
925 2251 943 2296 a
962 2230 1131 2314 majoribus
1146 2247 1224 2293 ιιοι-

135 2321 211 2386 tris:
238 2337 295 2400 pro
317 2336 376 2400 qua
400 2325 445 2382 tot
467 2319 563 2382 millia
578 2319 746 2400 Martyrum
772 2311 945 2386 idolatriam
961 2327 993 2384 et
1007 2337 1145 2401 regnum
1154 2315 1224 2380 dia-

135 2407 203 2473 boli
219 2407 341 2471 ιοιιιιει
355 2413 509 2471 certantes
525 2407 808 2490 triumphaverunt3
834 2407 966 2472 subinde
988 2406 1086 2471 sancti
1104 2405 1222 2470 Docto·

137 2513 191 2560 res
206 2492 287 2558 bella
303 2493 407 2558 civilia
421 2493 459 2556 ab
474 2495 630 2560 haereticis
642 2503 794 2560 commota
809 2495 953 2560 salutaris
965 2493 1151 2578 eloquentie
1162 2491 1225 2556 llu-

137 2584 272 2648 minibus
288 2583 511 2660 restinxerunt,
527 2585 631 2665 itaque
647 2602 713 2648 eam
730 2585 968 2667 circumquaque
984 2583 1169 2656 munierunt,
1193 2586 1226 2644 ut

133 2671 197 2750 J'am
217 2688 317 2736 nouus
333 2669 433 2734 bostis
447 2670 550 2735 nullus
566 2671 676 2736 obiriri
696 2680 798 2754 queat.
824 2673 875 2754 qui
895 2671 1044 2736 adversus
1071 2688 1139 2734 earn
1163 2667 1224 2732 all-

139 2758 213 2840 qoid
228 2759 330 2822 nitens
345 2775 407 2822 non
424 2759 574 2822 continuo
598 2758 681 2823 mille
703 2761 815 2840 jaculis
839 2760 972 2841 desuper
986 2757 1147 2824 ruentibus
1163 2756 1224 2820 ob-

137 2852 253 2910 ruatur.
284 2846 357 2910 ldeo
373 2845 493 2910 confusi
509 2854 583 2910 sunt
598 2865 706 2912 ornnes
722 2854 753 2910 et
767 2848 959 2912 deiecerunt.

224 2933 283 2998 Ubi
300 2935 381 2997 enirn
396 2941 468 2998 sunt
482 2933 656 2999 llanicbaeil
694 2933 751 2998 Ubi
768 2935 893 3000 Ariani!
931 2933 1070 3009 Quonam
1093 2938 1156 2996 tota
1172 2930 1225 2995 illa

139 3019 234 3086 factio
255 3021 533 3104 perditissimorum
549 3024 663 3088 civium
684 3025 796 3088 evasit!
828 3022 1022 3104 Coruputruit
1044 3021 1134 3083 etiam
1155 3036 1224 3082 me-

141 3110 372 3174 moriaeorurn.
410 3110 755 3189 determinaremus,
782 3111 984 3194 Augustinus,
1007 3109 1225 3187 Hieronymus,

141 3203 175 3262 et
188 3196 257 3260 aliis
272 3197 376 3280 plures
390 3197 556 3263 bestiarum
573 3198 676 3263 talium
694 3217 909 3281 oppressores,
934 3216 1003 3262 curn
1017 3193 1202 3260 laudibus
1173 3211 1225 3256 vr-

139 3291 228 3363 vunt,
244 3285 444 3368 quotidtepuc
459 3285 653 3367 splendidius
669 3287 876 3353 elllorescunt.
910 3286 1028 3350 Bonum
1044 3289 1103 3361 est,
1119 3281 1225 3360 irater,

138 3372 230 3438 nobis
244 3374 392 3454 parvulis,
416 3375 472 3438 sub
488 3375 618 3440 istorum
637 3375 748 3439 ducum
764 3375 860 3441 titulis
876 3374 1070 3450 delitescere,
1094 3385 1224 3452 quorum

140 3468 199 3526 tam
224 3460 326 3526 valida
348 3468 471 3544 tamque
499 3461 668 3545 'probabilis
692 3472 740 3528 est
769 3464 849 3544 apud
876 3459 1102 3526 ecclesiasticas
1131 3473 1224 3521 aures

137 3548 309 3613 authoritas
344 3557 518 3614 sanctarum
557 3552 703 3617 uirtutum
734 3550 877 3633 fulgore,
902 3549 1037 3614 ccelesiis
1065 3546 1225 3628 sapientie

138 3636 209 3701 luce
223 3637 423 3719 praepollens,
439 3645 473 3702 ot
488 3645 636 3704 extremae
647 3640 711 3720 jann
726 3641 767 3704 sit
782 3639 954 3716 dementia,
976 3635 1025 3700 vel
1050 3634 1089 3698 de
1104 3633 1225 3699 ratiouc

138 3723 222 3802 fidei,
236 3725 287 3788 vel
303 3725 343 3788 de
358 3725 468 3790 ordine
483 3734 570 3792 recte
584 3727 723 3801 vivendi,
739 3729 785 3791 eis
800 3729 832 3791 in
848 3726 950 3808 aliquo
966 3723 1127 3804 refragari.

226 3811 355 3887 Quare?
384 3813 496 3879 llonne
511 3814 652 3880 homines
669 3822 767 3892 erent,
783 3822 815 3879 et
828 3813 892 3879 lalli
909 3815 946 3877 ab
962 3810 1042 3888 aliis,
1057 3817 1149 3890 atque
1164 3808 1225 3890 ipsi

139 3899 248 3966 fallere
271 3901 349 3967 alios
372 3903 530 3983 poterant!
569 3902 613 3967 lta
638 3904 719 3967 enirn
746 3903 821 3966 dicit
842 3903 1000 3982 Scriptura
1021 3917 1130 3973 verax,
1153 3897 1224 3978 quia

140 3991 240 4052 omnis
253 3988 345 4052 tomo
359 3991 507 4056 arcados.
538 3990 626 4055 Unde
642 4009 718 4070 erpo
735 4007 774 4055 eo
790 3989 932 4054 culminis
949 3991 1170 4071 pervenerunt,
1191 3989 1226 4048 ut

140 4081 199 4140 tarn
215 4082 313 4141 return
330 4077 501 4144 babendum
523 4080 563 4142 sit
585 4077 733 4161 quidquid
756 4077 796 4142 de
811 4078 924 4142 divinis
940 4079 1096 4160 mysteriis
1110 4090 1224 4138 sense·

139 4173 223 4243 rant,
238 4166 457 4250 memoriaque
471 4166 707 4234 mandaverunt!
736 4166 812 4234 Nam
828 4172 860 4234 et
878 4167 1017 4236 Gentiles
1032 4161 1136 4248 mevi
1150 4159 1224 4243 (tti-
