2938 4716
1117 363 1156 426 25

128 541 287 614 tungens):
311 536 438 613 itemque
461 533 514 606 (ad
539 552 592 596 eos
613 545 792 606 conversus)
814 534 863 596 hic
885 541 953 596 suut
975 534 1033 595 duo
1056 537 1155 617 magui

125 633 228 695 cleriei
260 633 394 695 immensi
429 641 459 696 el
491 653 564 696 unus
585 637 710 718 exiguus
731 639 857 715 (piscem
880 635 1067 698 nibilominus
1089 644 1157 700 tan.

124 739 254 812 gens).“
277 765 315 779 ·—
507 792 510 798 ,

209 831 310 911 ltuque
329 831 459 894 loannes
483 839 603 910 noster,
622 839 653 896 ut
675 833 826 911 videmus,
861 835 960 895 intima
982 833 1089 895 Carolo
1109 833 1158 896 ta-

127 931 295 992 miliaritate
315 932 492 992 coniunctus
518 933 546 992 in
577 933 639 1012 ipsa
661 935 744 1012 regia
767 941 853 1013 atque
875 934 904 994 in
926 951 1037 994 summe
1059 931 1159 995 bomi-

125 1049 192 1092 num
213 1030 387 1092 celebritate
408 1031 591 1094 versabatur.
634 1033 719 1106 Quod
740 1035 808 1094 item
826 1033 975 1106 Pordulus,
1001 1034 1159 1114 episcopus

124 1131 332 1192 eaudumnsts
353 1138 495 1208 testatur,
528 1135 577 1214 qui
600 1135 720 1196 circiter
738 1152 844 1196 aunum
868 1133 1033 1196 DCCCLlll.
1057 1135 1096 1195 ita
1120 1134 1158 1196 de

125 1247 164 1291 eo
186 1232 324 1310 scripsit:
344 1231 470 1308 „Scotus
493 1232 563 1310 ille,
593 1234 642 1314 qui
671 1241 717 1296 est
748 1235 778 1296 in
803 1233 911 1314 palutio
934 1235 1016 1315 regis
1045 1235 1160 1312 (Caroli

125 1329 231 1406 calvi),
262 1329 390 1390 loannes
409 1331 602 1408 nemineum
626 1369 667 1380 -
691 1332 751 1394 lam
772 1351 810 1394 ex
831 1334 876 1396 bis
900 1334 1065 1410 coniicias,
1092 1349 1158 1396 eum

126 1445 220 1508 usque
249 1430 287 1489 ab
319 1427 368 1490 illo
401 1435 552 1510 tempore,
582 1449 641 1510 quo
663 1433 700 1494 ad
725 1431 861 1495 Cerolum
886 1434 988 1506 venit,
1020 1434 1159 1513 plurimos

126 1545 223 1589 annos
257 1527 399 1608 deinceps
432 1531 462 1593 in
490 1532 553 1592 eius
582 1535 666 1614 regia
687 1535 807 1596 vixisse.
849 1533 913 1594 lloc
937 1540 1034 1596 autem
1056 1535 1159 1596 nesei-

125 1646 214 1706 mus,
248 1646 286 1689 au
308 1631 417 1693 certius
437 1631 524 1693 etiarn
545 1631 645 1714 colligi
666 1639 755 1713 quent
776 1651 815 1694 ex
835 1632 892 1694 illis
916 1634 998 1696 Scoti
1018 1634 1161 1695 carmini-

125 1727 202 1800 bus,
236 1745 313 1808 quue
340 1729 529 1792 Schlueterus
550 1749 623 1794 suae
647 1733 770 1795 editioni
791 1733 932 1796 librorum
954 1733 992 1796 de
1014 1733 1161 1795 divisione

126 1835 252 1888 naturae
277 1829 402 1906 adiecit3
435 1849 512 1911 quac
533 1839 615 1894 certe
646 1832 773 1896 diversis
794 1835 973 1913 temporibus
995 1835 1159 1912 composita

128 1933 208 2006 sunt,
232 1944 269 1987 ac
289 1931 398 2007 passim
422 1930 660 1996 rrrenilestissime
684 1933 803 2012 docent,
826 1953 892 1996 eum
913 1933 969 1995 sibi
993 1933 1084 1995 luisse
1106 1951 1162 1994 eu-

128 2033 262 2105 etorem‚
296 2030 345 2108 qui
374 2047 390 2090 e
428 2031 535 2092 carolo
565 2032 693 2096 aleretur
707 2041 748 2110 ⁸).
799 2033 881 2106 Quae
916 2050 966 2094 res
999 2034 1086 2093 etiam
1124 2049 1162 2094 eo

126 2144 315 2206 summopere
339 2129 454 2192 videtur
470 2131 646 2210 confirmari,
665 2133 744 2213 quod
761 2136 823 2213 ipse
837 2133 944 2196 Suetus
959 2134 988 2193 in
1004 2133 1160 2212 prooemio

127 2225 195 2288 libri
210 2229 256 2289 sui
272 2229 310 2289 de
332 2229 602 2307 praedestinatione
623 2234 721 2296 Caroli
748 2233 955 2296 benevolentia
974 2251 1009 2294 ac
1029 2231 1164 2294 liberali-

107 2334 189 2390 tete
212 2329 270 2390 sibi
291 2331 436 2411 obtigisse
457 2334 509 2412 ait,
539 2341 579 2412 nt,
606 2336 684 2416 quod
708 2342 821 2416 tempus
842 2335 890 2396 alii
912 2334 1002 2398 rebus
1021 2333 1163 2414 gerendis

129 2431 282 2491 insumere
306 2431 451 2508 debeant,
483 2434 514 2496 id
550 2453 567 2496 a
599 2453 633 2498 se
659 2435 821 2498 litterarum
842 2437 948 2498 studiis
968 2434 1162 2516 impendetur.

131 2530 237 2602 Quoad
261 2530 311 2592 hie
342 2535 487 2594 mansisse
520 2537 682 2598 existimari
712 2539 826 2616 possit,
857 2539 965 2615 morell)
988 2535 1164 2612 videbimus,

135 2649 224 2710 quum
247 2631 286 2692 de
306 2631 414 2694 ultimis
436 2635 500 2697 eius
522 2636 590 2698 letis
611 2636 814 2717 disputabitur.

214 2731 319 2810 Neque
340 2733 432 2794 sotius
454 2733 552 2799 Caroli
579 2737 626 2812 (id
644 2738 724 2817 quod
739 2745 818 2818 patet
835 2757 872 2799 ex
884 2737 1163 2812 blalmesburlense)

130 2828 304 2912 Magistrum
329 2831 429 2894 dicunt
448 2834 605 2898 loannem:
641 2855 742 2900 verum
775 2839 862 2900 etiam
890 2837 1102 2900 celeberrimae
1124 2835 1166 2898 illi

133 2931 278 3012 ,subolae
313 2934 481 2996 Palatinae“
516 2937 622 2998 multos
645 2955 698 3018 per
729 2956 823 3000 annos
845 2937 1011 3018 prueluisse
1033 2937 1166 3000 traditur.

134 3031 279 3096 Plurimos
299 3035 441 3098 babemus
462 3037 547 3100 buius
570 3040 614 3100 rei
636 3045 789 3114 auctores3
823 3057 929 3115 unum,
954 3057 1039 3118 qtrem
1061 3036 1166 3114 reliqui

134 3136 230 3196 secuti
252 3142 329 3212 snut,
350 3153 494 3219 quemque
514 3140 577 3200 iure
599 3141 682 3219 sequi
704 3147 870 3219 potuerunt,
891 3141 916 3200 si
940 3156 973 3199 re
996 3153 1067 3198 vera
1088 3133 1166 3196 illius

134 3243 179 3296 est
200 3237 461 3318 coelimontano),
484 3239 541 3302 buc
562 3241 762 3322 allegabimus.
794 3239 898 3301 Exstat
917 3240 1000 3300 loeus
1022 3233 1166 3316 epistolae

134 3333 251 3398 Nicolai
272 3335 305 3414 l,
339 3345 419 3416 pont.
444 3359 538 3416 mere,
573 3341 610 3402 ad
642 3341 776 3403 Carolum
798 3339 910 3402 culeum
934 3339 1080 3418 scriptae,
1107 3351 1166 3416 quo

136 3433 216 3516 loeo,
245 3442 277 3498 ut
296 3437 410 3518 plurimi
432 3441 622 3522 contendunt,
643 3442 720 3504 llaec
742 3447 810 3505 sunt
832 3440 977 3522 legenda:
998 3438 1094 3518 „lliuc
1110 3444 1167 3512 est,

139 3611 417 3626 m——n

188 3707 205 3758 7
210 3721 220 3767 ι
238 3709 274 3758 el.
294 3724 351 3776 cap.
369 3710 389 3771 l,
408 3717 463 3760 not.
480 3709 508 3760 3.

188 3795 220 3857 8)
240 3795 275 3846 cl‘.
295 3792 378 3846 Carnu.
399 3796 491 3860 Xl,b;
523 3796 563 3858 tt,
584 3796 713 3862 35-415
743 3794 777 3858 tt,
798 3793 928 3857 ott-tm
955 3791 976 3854 l,
997 3791 1169 3858 77-8151,

235 3880 361 3934 tto-tt.
384 3918 417 3932 ..

191 3968 224 4035 9)
245 3968 336 4039 Cupite
354 3971 415 4022 Vlo.

177 4056 223 4120 to)
242 4057 275 4108 cl.
299 4055 507 4110 Staudeunroier.
527 4056 543 4106 Ι.
560 4055 576 4106 Ι.
598 4073 623 4125 p.
645 4054 694 4106 tuo
715 4063 770 4107 not.
790 4053 805 4104 5
823 4059 849 4102 et
867 4069 891 4122 p.
915 4050 965 4103 too
989 4060 1043 4106 aut.
1058 4053 1081 4102 l.
1104 4083 1136 4095 -
