2938 4716
279 337 363 402 28-

278 513 438 576 iustiorisso
459 507 590 587 videtur,
619 509 708 588 idque
729 525 782 589 per
804 506 987 586 llitduinum‚
1020 510 1048 571 in
1072 514 1252 576 monasterio
1279 529 1308 576 s.

277 613 412 694 Dionysii
436 612 582 688 abbatom,
611 628 676 671 eum
697 610 801 688 ipsum,
832 611 879 672 cui
901 611 966 671 illos
985 611 1152 674 servandos
1173 613 1312 676 tradide-

277 722 323 777 rat
334 717 382 788 ¹⁷).
426 711 489 774 llac
523 711 561 772 do
592 710 752 786 versione,
774 717 922 790 utcunque
955 712 1028 788 l'uit,
1062 729 1204 792 nusquam
1241 713 1309 775 tero

279 820 537 876 commemoratum
558 818 623 887 ost;
656 827 766 890 quare,
802 814 829 873 si
849 812 920 886 luit,
956 813 1137 884 cortonullo
1161 815 1190 874 in
1211 815 1308 893 prelio

275 913 379 976 hahori
402 913 495 993 potuit
512 915 562 987 ¹⁸).
604 910 705 991 ltaque
728 911 850 974 Carolus
873 911 985 989 calvus,
1006 919 1038 974 ut
1055 920 1119 975 orat
1133 915 1308 988 litterarum,

276 1014 435 1095 praecipue
459 1028 620 1087 sacrarum,
641 1009 737 1072 studio
760 1011 846 1072 unico
869 1010 995 1088 deditus,
1019 1021 1105 1091 quum
1129 1019 1233 1074 nactus
1252 1029 1307 1073 os-

274 1121 321 1176 sot
335 1111 514 1193 Erigonam,
548 1110 696 1171 hominem
730 1117 848 1190 praoler
879 1109 993 1173 solitum
1023 1129 1154 1191 graecae
1186 1111 1306 1192 linguae

275 1211 419 1292 peritum,
454 1209 693 1272 committendum
724 1226 783 1271 non
813 1211 942 1290 putavit,
974 1217 1006 1272 ul
1028 1227 1045 1271 a
1068 1211 1184 1272 lortuna
1210 1210 1307 1273 datam

275 1313 484 1388 occasionem,
515 1312 618 1372 iustam
649 1310 766 1373 taudem
790 1309 903 1373 illorum
922 1305 1063 1372 librorum
1087 1313 1308 1391 interpretatio-

276 1427 344 1474 nem
367 1411 423 1473 sihi
445 1411 648 1490 comparandi,
681 1411 848 1472 dimitteret.
892 1411 1087 1485 Quamobrem
1119 1429 1156 1472 co
1188 1413 1306 1474 iubente

276 1511 405 1591 Erigone
442 1510 479 1571 ad
508 1511 601 1572 libros
634 1509 904 1592 Pseudo-Dionysii
936 1512 965 1572 in
996 1511 1114 1573 latinum
1138 1529 1305 1574 sermonem

276 1611 498 1674 convertendos
521 1613 646 1672 animum
669 1609 778 1672 adiecit
792 1613 842 1687 ¹⁹).
880 1613 961 1684 Quos
983 1617 1079 1672 autom
1103 1611 1178 1672 illius
1199 1617 1306 1673 aucto-

274 1713 317 1774 ris
339 1710 431 1772 lihros
454 1696 544 1772 latino
566 1710 755 1808 reddidep'l,
772 1713 834 1791 ipse
855 1711 984 1790 Erigena
1008 1719 1109 1772 narrat
1122 1714 1155 1773 -in
1180 1711 1304 1792 epistola

276 1811 460 1873 dedicatoria
483 1810 519 1870 ad
541 1810 676 1871 Carolum
699 1812 823 1890 scripta,
860 1827 945 1890 quam
978 1810 1068 1871 latino
1090 1829 1144 1873 suo
1167 1813 1305 1890 Areopa-

274 1912 355 1992 gitae
376 1910 593 1988 praemisum:
615 1909 709 1971 libros
730 1907 768 1971 do
788 1908 955 1971 hierarchia
980 1911 1114 1988 coelesti,
1136 1911 1173 1972 do
1186 1911 1304 1974 hierar-

275 2010 341 2073 chia
364 2010 583 2086 occlosiastica,
606 2010 644 2071 do
667 2009 775 2072 divinis
795 2011 973 2088 nominihus,
1007 2009 1045 2071 de
1066 2009 1216 2092 theologia
1237 2027 1304 2090 my·

275 2114 360 2189 stica,
382 2117 536 2190 praeterea
559 2110 662 2172 decom
683 2110 834 2190 epistolas.

358 2211 421 2272 lloc
450 2211 553 2272 labore
584 2209 719 2272 absoluto
746 2209 875 2290 Erigone
897 2210 1028 2272 ciusdem
1050 2213 1131 2291 regis
1150 2211 1231 2272 iussu
1252 2225 1305 2269 su-

274 2313 369 2391 scepit
388 2311 465 2372 illum
490 2310 622 2386 altorum,
655 2325 679 2370 s.
700 2309 817 2371 Maximi
838 2309 956 2374 Scholia
979 2329 996 2371 o
1020 2327 1129 2390 graeca
1151 2312 1248 2390 lingua
1273 2311 1303 2370 in

272 2411 392 2473 latinam
426 2407 688 2486 transferendo).
737 2412 831 2470 Facta
861 2410 951 2490 igitur
984 2411 1073 2471 Scuto
1112 2416 1215 2472 nostro
1245 2410 1302 2470 hac

275 2511 438 2574 occasione
460 2508 573 2571 illorum
595 2508 733 2569 librorum
754 2509 859 2587 copia,
893 2525 967 2588 quos
989 2515 1018 2569 et
1040 2511 1122 2588 ipso,
1157 2517 1187 2572 ut
1214 2527 1303 2589 supra

275 2616 352 2687 (nol.
377 2609 430 2687 16)
452 2611 510 2672 iam
536 2608 775 2690 significavimus,
807 2609 941 2688 Dionysii
964 2615 994 2669 ot
1013 2609 1140 2687 Maximi,
1174 2611 1303 2670 virorum

274 2716 463 2790 sanctorum,
486 2727 555 2772 osse
577 2710 714 2789 putabat,
748 2709 824 2771 adeo
847 2711 937 2790 ipsius
961 2711 1112 2792 ingenium
1135 2715 1166 2770 ot
1186 2717 1305 2789 proptor

276 2812 458 2891 sapientiae,
504 2828 590 2890 quam
624 2811 831 2887 continerent,
876 2812 1084 2889 praestantiam
1120 2815 1151 2871 ot
1185 2815 1303 2890 propior

276 2913 401 2988 illorum,
422 2913 470 2992 qui
493 2927 548 2972 cos
567 2911 812 2992 composuissent,
836 2912 1051 2987 anctoritatem,
1073 2911 1108 2972 ab
1123 2912 1160 2974 iis
1174 2911 1301 2972 illectum

272 3063 562 3078 ,,,.-...-......-..

312 3151 356 3216 17)
377 3153 409 3200 ci.
430 3150 640 3202 Sturuleuinaior.
662 3167 687 3216 p.
712 3147 760 3200 163
782 3163 837 3218 uoq.

311 3237 354 3300 18)
374 3237 407 3287 cl'.
428 3237 583 3290 Stuudanm.
602 3254 627 3306 p.
651 3233 795 3286 loo-tol.

312 3324 356 3393 19)
377 3325 410 3374 cl.
434 3325 559 3390 Erigonae
580 3323 672 3392 rprael.
700 3323 733 3371 ad
760 3337 883 3372 convorsa
912 3321 945 3370 ab
971 3339 1001 3371 eo
1033 3339 1053 3373 a.
1083 3321 1190 3372 Malainai
1221 3321 1302 3374 Scho-

378 3413 414 3460 lia
435 3421 486 3460 aot.
506 3419 566 3470 cet„
587 3427 656 3479 quae
677 3417 717 3459 eat
737 3407 805 3477 apud
824 3408 919 3458 Thena.
941 3407 1018 3457 Gale.
1039 3411 1067 3458 in
1087 3408 1149 3459 edit.
1178 3409 1236 3464 libr.
1267 3409 1300 3459 de

377 3497 430 3548 alin.
451 3507 514 3554 nat„
535 3497 654 3565 Appenni.
676 3515 702 3563 p.
725 3498 745 3546 ll
766 3505 792 3546 ot
810 3494 856 3544 lll.

309 3584 355 3647 20)
372 3583 446 3634 Edita
469 3593 509 3634 est
527 3583 593 3634 haec
611 3583 724 3652 epistola
743 3592 769 3634 ot
789 3601 802 3631 a
822 3582 919 3634 laccho
938 3585 1043 3634 Usserio
1063 3585 1089 3634 iu
1109 3585 1186 3652 epist·
1206 3583 1300 3636 iliber-

377 3673 493 3720 nicarum
515 3671 617 3737 sylloge
635 3699 667 3709 -
685 3671 763 3720 Paria.
783 3669 849 3721 1665
869 3667 923 3730 ito,
948 3687 973 3737 p.
993 3669 1026 3720 40
1046 3689 1110 3739 seq,
1129 3679 1156 3722 et
1174 3671 1200 3722 in
1221 3675 1301 3721 hroc-

378 3757 499 3825 pagiticis
518 3759 548 3818 (i.
570 3773 593 3806 o.
613 3755 735 3806 collectio
757 3757 928 3823 pilirrimarnm
942 3759 1111 3825 antiquorum
1128 3759 1299 3826 Areopagitae

373 3845 553 3910 versionum),
582 3859 649 3911 quiae
674 3842 743 3910 typis
770 3843 916 3911 descriptae
938 3845 1060 3911 prodiere
1079 3845 1170 3896 Colon.
1193 3843 1258 3895 1530
1274 3851 1301 3894 el

380 3931 447 3982 1536
469 3931 514 3980 iol.

308 4018 355 4086 21)
375 4018 408 4068 cl.
429 4017 532 4084 Erigon.
553 4017 600 4067 loc.
620 4033 697 4084 stupra
716 4021 783 4079 (nol.
805 4015 849 4082 to)
868 4015 940 4066 laud.
961 4047 993 4058 -
