2944 4714
601 247 757 338 -Χ-ΞΙ-

129 449 280 498 concam
295 440 327 496 et
341 431 524 514 plerumque
544 431 583 498 ad
598 451 646 510 aa,
666 451 735 514 que
762 430 870 496 eadam
896 431 999 511 sedas,
1023 433 1053 496 ai
1075 433 1134 498 sibi
1158 451 1220 498 ex-

128 540 249 604 pressa,
264 519 405 598 fuissent,
419 521 545 584 minime
557 521 776 598 concessisset,
792 521 974 599 extendere,
991 526 1022 584 et
1032 521 1079 584 sic
1089 529 1220 586 extensa

127 610 297 692 publicare,
314 627 350 672 ac
364 609 417 672 illa
432 609 659 672 cummunicare
674 616 948 690 presumpserunt,
973 615 1005 672 et
1019 617 1221 690 presumunt,

129 705 240 763 eordm
256 697 369 772 officia,
385 696 653 778 gubernationem,
672 695 980 774 administrationem,
1004 695 1056 760 rel
1072 698 1222 762 exercitia

129 791 228 848 metas
248 785 430 866 specialium
455 783 708 866 privilegiorum,
731 781 1011 865 indulgentiarum,
1034 784 1223 862 facultatum,

129 881 163 936 et
176 874 306 936 aliarum
322 871 503 954 gratiarum,
518 872 576 934 snb
591 877 745 953 praetextu
754 870 967 952 generalitatis
976 871 1144 936 verborum
1159 872 1222 935 bu-

129 959 289 1039 husmodi,
304 958 459 1023 interdum
474 959 749 1042 transgredientes,
765 977 806 1022 ex
821 957 933 1038 quibus
948 959 1223 1041 graviascandala,

129 1049 275 1128 privatim
293 1054 325 1110 et
339 1045 461 1126 publice
475 1055 548 1111 sunt
562 1047 701 1126 suborta,
723 1053 754 1110 et
776 1048 808 1109 in
823 1046 972 1120 futurum,
994 1048 1056 1111 nisi
1072 1047 1223 1129 desuper

132 1141 311 1216 opportune
327 1133 538 1215 provideatur,
553 1136 700 1220 graviora
715 1133 851 1198 suboriri
867 1140 1005 1215 possent.

219 1221 283 1286 llos
297 1222 492 1285 intendentes
508 1225 539 1287 in
554 1223 723 1306 premissis
740 1221 779 1284 de
795 1227 970 1303 opportuno
985 1223 1153 1302 providere
1167 1241 1223 1288 rc-

133 1310 247 1384 medio,
269 1317 357 1378 mota
374 1311 515 1391 proprio,
537 1317 569 1376 et
591 1329 630 1373 ex
651 1317 736 1374 certa
759 1311 900 1388 scientia,
923 1328 960 1372 ac
980 1310 1021 1372 de
1042 1310 1225 1393 apostolicae

134 1397 293 1477 potestatis
316 1396 520 1478 plenitudine,
545 1417 601 1482 per
622 1398 702 1460 hane
723 1405 861 1461 nostram
881 1403 1033 1478 perpetuo
1059 1401 1224 1463 salinarem

134 1486 386 1550 constitutionem
403 1481 517 1564 omnia,
534 1494 565 1549 et
579 1485 703 1566 singula
719 1485 897 1567 privilegia,
919 1484 1093 1564 facultates,
1117 1487 1224 1551 indul·

133 1573 267 1654 gentius,
290 1579 322 1635 et
346 1572 421 1638 alias
444 1574 562 1654 gratias
585 1573 745 1654 quibusvis
767 1573 929 1650 ecclesiis,
953 1572 1174 1653 hospitalibus,
1195 1579 1227 1638 et

133 1658 203 1722 aliis
218 1659 309 1734 locis,
337 1661 407 1740 piis,
423 1667 483 1724 tam
499 1661 590 1724 dicte
605 1660 707 1736 Urbis,
730 1677 820 1739 quam
836 1659 968 1722 aliorum
990 1660 1109 1744 ubique
1131 1662 1225 1727 loco-

133 1763 202 1808 rum
219 1745 293 1817 (sub
309 1745 391 1810 dicta
407 1748 611 1829 generalitate
627 1747 805 1826 verborum,
822 1755 853 1810 et
867 1745 905 1811 ad
922 1748 1019 1810 instar
1034 1748 1224 1830 privilegio-

136 1849 215 1912 rum,
239 1831 426 1916 facultatum,
454 1836 728 1915 indulgentiarum,
756 1842 788 1897 et
810 1834 937 1898 aliarum
952 1837 1120 1916 gratiarum
1142 1835 1224 1901 dicto

134 1920 279 2002 hospitali
297 1929 405 1987 nostro
421 1925 452 1988 S.
469 1925 612 2003 Spiritus,
629 1923 772 1987 societati
788 1921 956 1999 charitatis,
978 1929 1011 1984 et
1031 1923 1101 1987 aliis
1118 1923 1225 1987 ecole-

132 2009 200 2086 siis,
217 2017 249 2072 et
263 2008 343 2072 locis
358 2011 429 2091 piis,
446 2009 594 2076 hactenus
609 2029 667 2092 per
682 2009 811 2074 eandem
821 2009 945 2086 Sedem,
960 2015 992 2072 et
1006 2027 1064 2089 per
1079 2027 1137 2074 nos
1152 2010 1224 2076 for·

131 2113 190 2160 sen
205 2101 442 2170 concessorum)
457 2097 496 2161 ad
512 2097 688 2182 privilegia,
709 2097 882 2174 facultates,
894 2133 896 2138 ·
908 2103 940 2160 et
955 2096 1176 2178 indulgentias,
1194 2103 1226 2161 et

131 2183 210 2246 alias
225 2183 352 2265 gratias,
376 2186 423 2249 eis
445 2188 625 2250 nominatim
649 2194 681 2249 et
696 2185 838 2266 specifice
854 2200 1029 2263 concessas,
1056 2191 1087 2248 ct
1101 2186 1139 2248 ad
1156 2185 1225 2260 loca

131 2271 218 2352 ipsa,
244 2289 366 2336 necnon
386 2272 536 2354 collegia,
557 2275 794 2350 universitates,
819 2281 851 2337 et
870 2289 1037 2353 personas,
1059 2272 1170 2354 quibus
1192 2274 1224 2336 in

130 2358 251 2441 speeie,
268 2367 300 2423 et
315 2359 552 2440 particulariter,
569 2369 602 2426 et
616 2364 691 2426 citra
709 2361 882 2426 fucultatem
899 2359 952 2422 illa
967 2358 1036 2423 aliis
1049 2361 1224 2425 communi-

133 2445 238 2524 candi,
254 2463 311 2526 per
326 2447 455 2511 eandem
471 2449 589 2527 sedem,
605 2456 637 2513 et
652 2469 709 2530 per
725 2467 783 2514 nos
798 2464 946 2512 concessa
962 2455 1044 2524 sunt,
1060 2449 1111 2511 vel
1124 2449 1225 2528 inpo-

133 2541 253 2598 sterum
277 2535 407 2598 concedi
431 2537 611 2618 continget,
636 2544 745 2602 tenore
769 2535 968 2618 presentium
989 2536 1224 2618 restringimns3

132 2623 178 2686 ita
196 2629 299 2686 tamen
325 2623 407 2704 quod
424 2625 608 2707 privilegiis,
626 2631 657 2688 et
671 2623 798 2688 indultis
820 2621 939 2688 dilectis
962 2621 1033 2686 liliis
1049 2622 1225 2688 confrater·

131 2709 242 2774 nitatis
257 2709 315 2772 sub
331 2711 531 2775 invocatione
546 2713 734 2776 sanctissimi
751 2712 898 2792 Corporis
915 2708 1030 2774 Christi
1047 2713 1078 2774 in
1094 2711 1226 2774 ecelesia

130 2797 238 2862 Beate
253 2797 358 2861 blarie
373 2815 469 2878 super
483 2800 651 2864 llinervam
667 2800 827 2878 instituta,
843 2799 1022 2864 nominatim
1038 2804 1069 2860 et
1082 2799 1226 2878 specifice

131 2901 193 2966 per
203 2901 267 2976 ¹uos
283 2886 453 2963 concessis,
469 2905 577 2950 onrnes
593 2886 872 2968 etsingulaealiac‚
888 2885 1150 2950 confraternitatis
1166 2885 1225 2951 sub

132 2971 246 3037 eadem
271 2971 471 3038 invocatione
493 2973 621 3038 ubilibet
640 2976 815 3052 institutae,
838 2979 980 3050 utantur,
1006 2973 1172 3053 potiantur,
1195 2976 1228 3034 et

132 3060 292 3144 gaudeant
315 3061 445 3142 proinde
469 3079 507 3124 ac
528 3063 555 3126 si
581 3062 707 3126 cuilibet
729 3061 863 3142 ipsarum
886 3061 1171 3124 confraternitatum
1194 3061 1226 3122 in

132 3148 253 3231 specie,
271 3155 301 3210 et
317 3147 555 3230 particulariter,
571 3159 604 3214 et
618 3151 694 3214 citra
709 3149 875 3233 privilegia
892 3155 924 3213 et
938 3146 1054 3212 indulta
1070 3147 1136 3230 ipsa
1146 3165 1226 3212 con·

133 3253 225 3302 cessa
242 3244 356 3302 essent.
992 3283 998 3292 ,

225 3323 437 3390 Decernentes
454 3343 662 3409 quascumque
688 3327 764 3390 alias
792 3327 1011 3392 eoncessiones
1039 3322 1226 3407 privilegio·

134 3429 218 3488 rum,
245 3412 434 3493 facultatum,
456 3414 735 3496 indulgentiarum,
762 3421 793 3478 et
815 3414 941 3478 aliarum
969 3415 1147 3494 gratiarum,
1170 3413 1226 3478 sub

135 3501 219 3564 diota
234 3502 439 3582 generalitate
454 3501 633 3580 verborum,
650 3510 682 3566 et
695 3503 733 3566 ad
748 3503 846 3566 instar
862 3509 893 3565 et
904 3501 1094 3578 nominatim,
1109 3507 1227 3582 etspe-

135 3587 235 3666 eifice,
257 3594 292 3652 ut
306 3588 489 3669 praefertur,
511 3607 569 3672 per
584 3589 714 3654 eandem
732 3590 854 3667 Sedem,
879 3595 910 3654 et
933 3609 988 3672 per
1016 3605 1073 3652 nos
1098 3588 1227 3666 factam3

136 3691 260 3740 necnon
275 3675 451 3754 facultates,
467 3678 650 3759 privilegia,
666 3686 700 3741 et
713 3677 789 3742 alias
804 3679 920 3761 gratias
935 3675 1119 3759 praedictus,
1135 3677 1226 3740 ctiam

137 3763 319 3828 nominatim
336 3772 367 3828 et
382 3763 526 3844 specifice
542 3783 722 3844 concessas,
742 3767 811 3829 aliis
834 3761 1089 3842 communicandi,
1112 3763 1228 3828 nullius

137 3851 208 3916 fore
224 3858 257 3914 et
272 3871 342 3916 esse
358 3851 493 3927 roboris,
509 3850 561 3915 vel
577 3856 736 3930 momenti,
752 3853 923 3917 districtius
939 3850 1113 3915 inhibentes
1122 3851 1227 3916 omni-

136 3937 196 4001 bus
213 3943 244 3999 et
273 3940 405 4023 singulis
420 3939 633 4018 ecclesiarum,
649 3939 856 4021 hospitalium,
881 3941 1075 4014 societatum,
1100 3940 1227 4004 confra-

138 4025 325 4104 ternitatum,
342 4037 373 4091 et
388 4029 519 4093 aliorum
534 4025 675 4092 locorum
692 4027 934 4110 praedictorum,
955 4029 1140 4105 rectoribus,
1163 4045 1226 4108 gu·-

137 4111 373 4193 bernatoribus,
400 4117 720 4193 administratoribus,
744 4113 929 4180 officialibus
953 4124 984 4180 et
1007 4115 1171 4192 ministris,
1191 4132 1227 4176 ae

136 4197 221 4280 aliis,
248 4201 287 4266 ad
304 4217 384 4282 ques
400 4203 634 4284 quomodolibet
647 4209 777 4286 spectat,
803 4221 843 4268 ne
865 4204 904 4270 de
919 4209 1043 4355 raegego
1065 4203 1121 4269 sub
1142 4199 1227 4264 indi-
