2940 4710
645 217 1050 320 ...as-w

199 379 294 457 titur,
326 381 361 440 ut
384 375 570 462 scripsisti,
591 373 646 456 ini
667 374 731 436 sibi
753 391 871 454 aequus
887 377 945 438 est.
974 371 1054 438 Nam
1086 393 1156 438 cum
1171 373 1307 442 seruoli

151 461 155 474 ⁸
197 487 263 548 sint
286 484 318 563 i,
332 502 393 546 nou
412 483 484 548 ideo
500 481 520 545 ln
537 477 741 546 metiunturlt
758 477 814 541 scd
828 478 935 562 potius
953 478 1033 542 duo:
1056 480 1105 544 bis
1125 482 1208 544 euim
1224 483 1308 563 bini,

198 593 317 658 isarni.
348 592 445 655 Porro
472 591 491 656 1
509 587 628 662 littera,
646 605 738 667 quam
754 587 812 648 sub
827 585 924 666 ligura
942 581 1005 648 X²⁰
1022 584 1200 650 adnotatam
1211 608 1306 672 repe-

198 701 292 778 risti,
305 694 370 760 x¹⁰
391 696 546 776 siguificat
567 694 715 770 unitates,
733 710 811 772 quae
834 692 866 752 iu
883 711 936 756 sex
955 697 987 754 et
1003 691 1024 756 4
1044 691 1229 756 distributae
1252 716 1305 760 se-

196 805 380 886 quialteram
400 802 539 866 ediciuut
552 799 794 882 proportionem.
829 793 912 860 idern
931 816 1053 878 quoque
1068 799 1100 860 in
1114 802 1165 874 (6)
1178 806 1211 862 ct
1223 800 1306 865 duo·

197 913 257 978 bus
283 911 421 994 perspici
442 907 536 984 licet,
558 905 613 967 ubi
637 904 741 967 sanitas
764 911 814 972 esi
837 903 1022 966 differentia.
1052 904 1224 988 Spbaeram
1241 909 1305 972 tibi

196 1015 315 1082 nullasu
333 1017 496 1092 misimus,
516 1031 574 1076 uec
590 1011 792 1092 adpraesens
810 1010 905 1075 ullam
922 1010 1092 1092 habemus,
1111 1033 1170 1078 uec
1184 1022 1235 1078 ert
1248 1037 1304 1080 ree

196 1125 287 1206 parsi
304 1121 422 1186 laboris
440 1126 503 1182 tam
520 1121 681 1201 oecrrpatis
696 1117 728 1178 in
746 1115 891 1179 civilibus
909 1118 1025 1182 causis.
1048 1119 1083 1182 Sl
1096 1139 1167 1202 ergo
1181 1125 1213 1181 te
1225 1140 1304 1182 cura

195 1235 351 1292 tanturm
373 1225 493 1289 detinet
515 1243 641 1300 rerum,
663 1220 768 1284 volum
793 1221 986 1286 Achilleidos
1013 1223 1110 1288 Statii
1135 1223 1304 1308 diligenter

199 1333 406 1415 compositum
424 1332 515 1394 nobis
535 1329 644 1410 dirige,
665 1334 701 1390 ut
717 1329 907 1411 Sphaeram,
929 1350 1021 1412 quarn
1044 1332 1142 1414 gratis
1166 1339 1302 1416 propter

195 1438 413 1504 diiiicultatcm
439 1439 489 1504 sui
514 1455 576 1498 uon
595 1435 739 1519 poteritis
757 1434 882 1514 habere,
903 1443 959 1499 tuo
981 1456 1108 1502 munere
1125 1435 1228 1502 valeas
1246 1457 1302 1500 ex-

191 1552 349 1627 torquere.
368 1545 485 1613 (Ducis.
501 1541 633 1617 11.820;
653 1539 694 1604 ad
708 1547 775 1606 not.
793 1541 813 1608 1
828 1562 860 1626 p·
877 1543 967 1622 185.)

276 1653 345 1733 Ep.
370 1651 444 1718 161.
474 1651 678 1718 constentino
702 1668 761 1712 suo
778 1648 950 1730 lietbertus
974 1646 1202 1717 schobstimn
1242 1651 1300 1716 Vis

192 1758 345 1826 amidllae
364 1777 444 1842 pene
458 1753 666 1841 impossibilia
681 1753 797 1837 redigit
812 1756 852 1818 ad
868 1755 1045 1839 possibilia.
1066 1760 1146 1824 Nam
1168 1777 1300 1839 quomo-

193 1867 231 1932 do
247 1869 384 1932 raderes
402 1883 600 1928 numerorum
617 1863 707 1924 abaci
724 1860 878 1945 explicare
894 1863 1171 1946 contenderemus,
1187 1865 1253 1926 uisi
1267 1871 1300 1926 te

191 1975 392 2053 adhortante,
418 1993 437 2034 o
461 1973 505 2034 mi
522 1967 612 2032 dulce
632 1965 769 2032 solamen
785 1965 928 2034 laborum
946 1970 1168 2034 Constantine!
1184 1963 1300 2051 ltaque

190 2103 285 2166 quum
302 2081 423 2163 aliquot
446 2076 546 2143 lustra
564 2076 631 2156 jam
647 2074 843 2153 transierint,
857 2093 893 2138 ex
917 2095 979 2158 quo
1000 2095 1058 2138 nec
1078 2074 1215 2154 numm,
1237 2095 1299 2138 uec

190 2190 372 2254 exercitium
396 2187 507 2248 barum
529 2199 633 2244 rerum
658 2181 879 2260 babuerimus,
901 2181 1049 2262 quaedam
1072 2181 1208 2262 repetita
1231 2202 1299 2246 me-

190 2297 289 2360 morie
309 2292 427 2358 eisdem
450 2288 553 2354 uerbis
575 2285 784 2372 proterimus,
813 2285 964 2368 quaedam
983 2286 1100 2352 eisdem
1118 2290 1299 2352 sententiis.

193 2403 257 2466 Nec
273 2406 364 2486 putet
371 2395 582 2478 Philosophus
599 2393 666 2456 sine
682 2389 800 2462 litteris
818 2393 895 2456 baec
908 2393 1003 2458 alicui
1016 2395 1079 2456 arti
1094 2393 1299 2469 seisibiesse

194 2509 360 2570 contraria.
383 2501 466 2582 Quid
487 2501 569 2562 enim
588 2497 671 2562 dicet
686 2519 756 2570 esse
774 2498 899 2582 digitos,
915 2498 1078 2580 articulos,
1092 2501 1225 2580 murra,
1242 2503 1299 2582 qui

67 2617 70 2624 '
191 2613 316 2676 auditor
329 2613 478 2693 majorum
491 2607 556 2668 iore
573 2603 780 2685 dedignatur?
801 2604 876 2670 Vult
887 2605 1191 2671 tameuriderisolus
1202 2609 1301 2688 scire,

191 2717 276 2801 quod
290 2735 413 2780 mecum
426 2716 566 2795 ignorat,
588 2717 623 2775 ut
640 2714 686 2776 alt
700 2712 843 2778 Flaccus.
867 2712 951 2793 Quid
964 2712 1131 2776 cumidem
1147 2732 1298 2776 uumerus

189 2823 281 2890 modo
293 2820 446 2905 simplex,
466 2817 557 2882 modo
577 2821 789 2900 compositus:
810 2839 893 2882 nunc
921 2819 1050 2903 digitus,
1073 2837 1157 2881 nunc
1174 2821 1298 2882 consti-

190 2937 297 2996 tuatur
316 2936 353 2994 ut
364 2923 540 3008 articulari
567 2926 671 2988 Habes
690 2945 763 3006 erqo
778 2927 904 2996 (talium
921 2923 1054 3006 diligens
1069 2925 1292 3007 investigator)

189 3041 272 3105 viam
289 3038 442 3114 rationis,
461 3035 585 3098 brerem
602 3030 726 3110 quidem
739 3033 861 3111 verbis,
881 3032 937 3096 sed
949 3032 1101 3116 prolixam
1115 3034 1298 3111 sententiis,

193 3152 225 3210 et
239 3145 280 3208 ad
298 3142 514 3208 collectionem
539 3135 772 3202 intervallorum
790 3143 822 3200 et
841 3137 1093 3204 distributionem
1108 3141 1140 3202 iu
1160 3137 1297 3218 actuali-

190 3255 250 3315 bus
265 3249 446 3332 geometrici
461 3244 541 3314 radii
557 3243 726 3306 secundum
738 3243 971 3310 inclinationem
995 3250 1027 3307 et
1042 3247 1245 3326 erectionem,
1258 3249 1292 3308 iu

190 3357 457 3440 speculationibus
491 3358 524 3416 et
544 3349 718 3413 actualibus
742 3348 835 3430 simul
855 3351 896 3414 ad
919 3349 1128 3417 dimensiones
1154 3353 1234 3416 coeli
1263 3359 1297 3416 et

193 3475 294 3529 torem
309 3465 402 3548 piena
414 3459 474 3524 dds
485 3455 893 3544 comparatamiiucnen'i.
904 3455 1038 3534 li.(edit.
1048 3459 1295 3544 Mass.)p.8²i;

196 3566 484 3658 sduob1p01ssd-
525 3601 529 3608 ·
