2940 4710
628 279 839 380 ...332-

61 406 70 432 Χ
185 430 291 500 ierallr
315 429 416 496 bestia
444 430 483 496 G.
512 429 558 496 ita
573 431 690 497 abusus
712 443 771 517 est,
791 441 828 498 ut
842 425 1117 494 reverendissimos
1136 429 1284 494 samrdo-

181 548 231 604 tes
246 541 305 606 liei
323 536 504 620 quasl'vilia
521 540 675 623 mancipia
688 549 831 624 caperet,
853 557 911 600 neo
926 537 964 600 ab
978 538 1058 620 ipsis
1075 539 1284 602 saerosanctis

182 649 332 714 altaribus
349 652 548 728 temperaret,
565 654 754 710 commentos
765 646 908 730 publioos
922 642 1154 710 intercluderet.
1175 643 1284 706 Redeo

182 755 223 822 ad
237 775 297 836 me,
317 751 564 816 reverendissimi
580 759 703 835 patres,
727 754 778 815 nui
794 749 973 837 specialiter
988 753 1027 814 ob
1045 751 1177 814 salutm
1190 769 1282 834 pere·

181 863 267 925 nutis
293 857 420 943 poprdl‚
449 858 609 940 totiusque
637 858 828 941 reipublicae
854 877 976 937 eoram,
1004 877 1090 920 mors
1114 857 1284 920 furibunda

178 987 249 1030 oum
274 966 418 1028 omnibus
442 965 509 1052 suls
522 964 667 1027 incubuit
685 967 794 1048 oopils.
823 963 1147 1046 nunnamenster,
1167 963 1281 1025 borres

122 1117 125 1128 ·
177 1080 210 1136 et
227 1073 395 1156 apothecas
410 1076 528 1132 armata
545 1089 636 1133 manu
655 1073 716 1134 sibi
732 1070 886 1152 vindieat,
903 1068 982 1134 ¹sola
1012 1075 1117 1132 nestra
1142 1071 1281 1130 auetori-

178 1191 246 1260 aas,
268 1185 303 1242 ut
326 1183 486 1241 tantorum
500 1175 648 1239 malorum
662 1176 800 1241 levamen
817 1181 916 1258 deret,
933 1183 1111 1262 exspectata
1126 1181 1186 1254 est,
1201 1195 1281 1257 qnae
1306 1251 1310 1264 1

174 1294 294 1350 tantam
314 1285 376 1348 vim
395 1284 510 1346 habere
531 1284 686 1353 ereditur,
706 1291 742 1346 ut
758 1303 821 1346 non
837 1283 938 1347 solum
955 1284 1122 1361 ilamensi,
1138 1281 1194 1346 sed
1211 1299 1280 1344 om·

176 1395 210 1458 nl
233 1391 384 1456 ecclesiae
400 1389 564 1455 Gallorum
590 1373 746 1453 desolatae
772 1397 804 1453 et
817 1409 916 1474 paene
934 1391 973 1454 ad
987 1391 1120 1454 nibilum
1136 1387 1281 1450 redn'otao

173 1499 315 1563 subsidio
334 1517 405 1561 esse
429 1493 540 1562 valeat.
574 1497 665 1578 erod
685 1487 847 1560 divinitate
863 1499 1001 1583 propitia
1019 1501 1234 1580 exspectamur
1249 1475 1287 1556 oi¹

173 1611 210 1668 ut
226 1606 281 1668 ilat
296 1625 402 1668 omnes
419 1604 451 1668 in
470 1623 631 1668 commune
651 1601 805 1670 oramus?

178 1751 249 1828 ΙΙΙ.
286 1752 477 1832 Praefatio
505 1750 556 1828 ad
587 1735 762 1828 Ottonem
789 1753 1074 1854 Imperatorem,
1099 1747 1280 1828 inlocum

442 1875 639 1992 Porphyrii
659 1904 683 1952 a
705 1901 751 1956 so
772 1877 1004 1954 illustratum.

509 2023 756 2097 (Admotb
792 2049 824 2110 p.
850 2023 941 2098 119.)
1321 2085 1323 2090 ,

233 2118 235 2132 ’
258 2129 429 2207 (blabillon
448 2131 598 2195 andeca
621 2139 727 2196 vetera
743 2132 813 2199 Vol.
838 2131 876 2194 ll.
894 2151 965 2216 pag·
982 2128 1046 2197 106
1063 2136 1096 2195 ei
1112 2133 1201 2211 107.)
1212 2135 1277 2200 lio·

169 2242 253 2303 mino
278 2244 311 2301 et
335 2237 561 2319 gloriosissimo
580 2237 618 2300 0.
636 2239 671 2302 0.
688 2259 811 2323 semper
826 2238 1121 2320 Augustojliomano
1140 2242 1179 2304 (l.
1197 2245 1276 2328 spi.

174 2366 289 2429 scopus
306 2344 428 2406 debitae
447 2345 606 2406 servitulis
619 2344 813 2428 obsequium.
835 2347 913 2408 Cum
924 2347 958 2409 ln
974 2347 1139 2410 Germania
1155 2350 1278 2413 semen-

172 2455 264 2515 tioris
286 2451 359 2513 anni
379 2455 520 2531 ternpore
540 2448 788 2531 demoraremur,
809 2451 1023 2534 imperialiter
1042 2457 1206 2519 eonstrleil
1220 2459 1277 2521 ob-

170 2560 305 2639 sequiis,
332 2562 369 2618 ut
399 2563 523 2638 semper
543 2575 649 2617 sumus
684 2575 866 2639 semperque
898 2561 1034 2644 erimus,
1067 2564 1175 2626 neseio
1199 2563 1274 2646 quid

171 2665 276 2726 arcani
295 2663 399 2724 divina
413 2681 499 2723 mens
520 2667 624 2724 restra
645 2679 750 2722 secum
767 2665 861 2726 tacite
877 2672 1067 2745 retraetans,
1088 2675 1191 2733 motus
1206 2674 1273 2736 anl-
1364 2663 1367 2670 ’

165 2775 210 2838 mi
230 2772 333 2834 divina
358 2770 391 2831 in
417 2769 510 2830 rerba
538 2764 678 2846 resolvit,
699 2773 731 2830 et
746 2787 825 2850 quae
844 2771 1060 2836 abdrlstotele
1075 2777 1268 2858 summisque

165 2882 241 2944 viris
259 2875 452 2943 difficillimis
468 2882 557 2938 erant
571 2873 729 2957 descripta
745 2880 929 2956 sententiis,
954 2881 985 2940 io
1004 2878 1139 2944 medium
1158 2889 1270 2966 protu-

166 2987 225 3068 lit,
251 2981 289 3048 ut
312 2986 423 3048 mirum
446 2983 528 3044 ioret
548 2983 631 3045 inter
655 2981 808 3046 bellorum
831 2984 1031 3065 discrimina,
1058 3005 1137 3066 quae
1160 2995 1268 3053 eontra

166 3093 324 3157 Sarmatas
340 3089 539 3182 parabantur,
562 3087 696 3172 aliquem
720 3088 897 3154 mortalium
917 3091 976 3154 bos
993 3095 1105 3155 mentis
1120 3110 1266 3158 recessus

163 3201 280 3262 babere
300 3199 459 3281 potuisse,
481 3197 628 3277 aquibus
652 3203 715 3258 tam
737 3195 885 3276 subtilla,
905 3203 968 3282 tarn
982 3195 1158 3280 praeclara,
1178 3198 1267 3265 velut

162 3306 287 3386 quidam
303 3307 363 3368 riri
378 3325 396 3367 a
411 3303 580 3386 purissimo
593 3301 679 3366 fonte
694 3305 896 3386 profluerent.
917 3304 1106 3368 Meministis
1125 3308 1217 3388 enim,
1234 3315 1267 3372 et

161 3412 338 3474 meminisse
355 3429 538 3494 possumus,
570 3409 696 3473 affuisse
719 3418 794 3474 tune
811 3407 925 3475 multos
938 3409 1077 3474 novellos
1096 3413 1263 3479 scholasti-

161 3523 261 3581 cosei
277 3515 417 3578 eruditos
433 3517 517 3578 inter
540 3511 618 3597 qubs
643 3516 784 3580 nonnulli
809 3517 938 3581 aderant
954 3520 1091 3582 omniurn
1108 3522 1263 3602 sapientia
1343 3567 1349 3576 -

160 3622 313 3707 praeclari
327 3630 359 3685 et
367 3599 541 3704 eloquentia
550 3623 698 3704 insignes.
714 3625 830 3687 Eorum
840 3622 1261 3706 tamenvidimnsneminem,
1342 3606 1345 3615 ¹

161 3731 214 3811 qui
240 3749 344 3792 earum
371 3729 582 3812 quaestionem
606 3727 704 3792 ullam
728 3728 819 3812 digne
837 3730 1041 3813 explicuerim
1063 3730 1147 3811 quod
1166 3753 1262 3813 quae·

160 3837 231 3899 darn
254 3835 356 3898 minus
379 3837 416 3897 ab
438 3854 496 3897 nsu
511 3841 665 3913 remotae,
685 3855 743 3897 nee
762 3836 985 3899 dubitationem
997 3845 1070 3900 aute
1084 3840 1264 3920 habuerint,

158 3949 190 4004 et
225 3941 375 4025 quaedam
401 3958 622 4024 saepenumero
652 3939 831 4004 ventillatae
861 3939 989 4004 dissolri
1010 3962 1072 4006 uon
1087 3947 1260 4028 potuerint.

159 4049 271 4114 Vestra
289 4049 394 4130 itaque
414 4046 517 4110 divina
536 4046 701 4130 prudentia
719 4049 924 4130 ignorantiam
939 4067 1031 4118 sacro
1045 4049 1163 4134 palatio
1179 4047 1262 4113 indi-

157 4177 247 4236 gnam
263 4154 427 4240 judicans,
449 4175 485 4218 ea
501 4173 579 4236 qnae
597 4152 635 4219 de
651 4153 798 4218 rationali
812 4162 845 4219 et
860 4157 1029 4220 rationanti
1053 4153 1176 4219 diverso
1192 4177 1259 4220 nro-
