2938 4716
1192 352 1210 414 7

174 559 236 605 non
260 542 359 602 minus
383 535 552 617 Erigonae,
586 552 672 616 quern
693 535 775 597 Scoti
804 550 912 594 nomon
937 533 975 595 ad
996 533 1095 598 lloslri
1117 534 1212 617 origi-

173 659 243 704 nem
266 635 478 701 declarandam
501 635 661 715 pertinere,
686 641 774 714 atquc
800 635 838 694 ita
860 649 962 713 porro,
985 651 1071 714 quum
1094 636 1213 696 nomine

173 739 258 804 scoti
278 737 361 799 notio
381 771 421 784 -
442 741 474 796 et
495 735 564 796 indo
587 740 666 796 terra
688 734 782 815 patria
810 733 977 814 significata
1006 735 1060 812 sit,
1094 735 1213 798 nomine

174 839 327 920 Erigonae
347 836 440 916 ipsam
462 835 627 915 regionem,
649 835 696 899 vol
717 836 810 915 ipsum
829 837 978 916 oppidum,
998 836 1029 897 in
1052 852 1110 915 quo
1130 834 1215 898 buius

176 939 256 1003 coeli
278 937 378 1000 locem
400 937 524 1015 primurn
547 937 748 1014 conspexerit,
772 936 907 998 indicari.

263 1038 348 1100 llano
368 1037 513 1098 rationem
534 1041 654 1098 secutus
678 1037 712 1098 G.
725 1035 914 1099 blackenzius
937 1037 1107 1099 coniectura
1129 1051 1216 1095 asse-

135 1197 142 1216 ,
178 1141 229 1221 qui
251 1137 352 1214 voluit,
371 1135 501 1198 Scoliarn
524 1153 592 1198 osse
611 1135 731 1198 loannis
751 1139 939 1216 petriano).
982 1137 1054 1199 Nam
1088 1136 1116 1196 in
1139 1135 1216 1197 Sco-

178 1242 220 1301 tia
242 1237 330 1300 situm
353 1253 423 1298 esse
447 1235 584 1316 oppidum
605 1236 688 1312 dire,
718 1236 797 1316 quod
821 1237 949 1299 lortasso
970 1234 1218 1317 progeneravoril

180 1340 336 1414 loannem,
358 1353 446 1418 quum
469 1353 508 1396 ox
528 1333 614 1398 liuius
636 1337 737 1416 oppidi
758 1339 878 1399 nomine
899 1334 988 1398 facilc
1007 1337 1125 1397 ductum
1147 1350 1217 1396 esse

180 1439 277 1520 possit
297 1455 406 1498 nornen
428 1436 587 1517 Erigonae.

265 1537 309 1599 En
331 1536 473 1618 quidquid
495 1553 604 1598 causae
622 1535 679 1597 viri
700 1535 790 1611 docti,
809 1543 841 1598 ut
859 1536 1114 1618 Scoliao'patriae
1127 1534 1218 1596 loan-

183 1655 253 1700 nem
280 1637 486 1714 vindloarenl,
517 1635 549 1698 in
580 1635 707 1698 modium
737 1637 928 1717 protulerunt.
971 1625 1080 1698 Verum
1110 1636 1140 1696 in
1171 1651 1220 1711 eo,

183 1739 253 1800 dom
275 1739 385 1799 eortius
407 1736 454 1798 ael
473 1737 654 1818 probabilius
675 1737 784 1818 aliquid
803 1739 987 1813 inveniatur,
1020 1735 1099 1798 baud
1130 1733 1218 1798 facile

182 1856 360 1920 quemquam
383 1839 578 1918 acquiescere
602 1855 692 1919 posse
712 1840 896 1902 arbitramur.
929 1838 1014 1912 Quod
1035 1838 1102 1898 dom
1121 1853 1218 1915 nequo

184 1957 225 2002 ex
238 1938 391 2016 Hibernia,
413 1955 511 2018 neque
534 1957 572 2000 ox
591 1939 691 2000 Scotia
715 1938 830 2001 allatum
849 1941 993 2017 videmos,
1016 1939 1144 1999 Thomas
1158 1937 1220 1997 Ga-

184 2039 251 2102 lous
276 2040 370 2100 attulit
393 2057 432 2101 ex
455 2038 572 2102 Wallia.
613 2038 692 2100 lilius
716 2042 863 2102 sententia
886 2041 949 2101 lero
972 2039 1047 2100 baeo
1067 2046 1128 2100 est:
1162 2053 1221 2098 no-

184 2157 255 2202 men
279 2139 428 2220 Erigonae
448 2155 508 2200 non
531 2157 599 2201 osse
618 2142 825 2218 compositum,
845 2139 899 2202 sod
914 2138 1086 2219 simpliciter
1103 2137 1220 2198 ductum

184 2257 203 2302 a
226 2241 347 2302 nomine
368 2240 427 2302 loci
448 2239 564 2302 natalis.
605 2241 651 2302 llo
683 2241 828 2303 hocloco
858 2241 947 2303 natali
970 2242 1010 2302 ita
1032 2239 1220 2316 disserit²¹):

182 2339 257 2419 „Est
278 2342 399 2422 Ergone
421 2359 491 2420 pars
510 2359 570 2404 non
593 2343 811 2404 contemnentia
836 2342 1065 2405 llerelordensis
1094 2342 1221 2402 comita-

182 2447 243 2518 tos,
264 2441 389 2503 Walliao
413 2441 613 2504 contermina:
646 2443 716 2520 into,
746 2461 833 2505 unum
856 2462 873 2504 e
893 2445 997 2525 regnis
1020 2440 1145 2504 Wolliae
1168 2440 1222 2502 luit

184 2540 247 2602 noc
268 2547 419 2621 tenpore,
446 2538 562 2603 Allrido
586 2541 779 2604 tributarium.
822 2541 854 2603 ln
888 2541 946 2604 hoc
976 2548 1070 2604 tractu
1104 2540 1222 2620 reperio

185 2641 285 2704 locum
322 2641 475 2717 Erimon,
509 2658 584 2721 quae
616 2642 734 2722 quidem
767 2643 858 2704 dictio
891 2660 993 2724 parum
1016 2643 1164 2722 discrepat
1184 2641 1221 2702 ab

185 2741 373 2821 Eriugon22)
395 2747 442 2814 (cl
463 2748 617 2803 contracte
636 2741 781 2822 Ergone).
824 2743 883 2805 lam
908 2751 1066 2806 totaterra
1089 2745 1126 2804 ab
1148 2743 1221 2822 ipsis

187 2841 294 2903 Wallis
314 2840 466 2904 modernis
489 2841 597 2904 dicitur
617 2843 752 2922 omnig,
776 2843 822 2905 vol
843 2843 981 2906 Erclnoc.
1024 2844 1080 2917 Qui
1111 2843 1222 2904 obser-

187 2943 323 3017 vaaerit,
354 2948 483 3020 quantae
508 2944 538 3004 in
571 2943 635 3003 aliis
670 2942 847 3005 dictionibus
869 2944 1003 3005 barbaris
1027 2943 1064 3004 ad
1087 2959 1220 3004 normam

187 3042 308 3105 latinam
331 3041 542 3122 detorquendis
564 3045 739 3105 mutationes
759 3042 929 3124 plerumque
946 3046 1026 3118 fiant,
1048 3061 1108 3104 non
1129 3059 1222 3123 aegre

119 3131 121 3134 ⁵
187 3141 243 3204 bas
274 3141 454 3204 leviusculas
479 3143 699 3205 'altercationes
730 3144 799 3206 milri
831 3143 887 3206 hac
916 3147 944 3206 iu
967 3161 1042 3204 voce
1066 3141 1222 3204 concedet.

184 3242 346 3306 Enimvero
356 3243 797 3306 liuerecclesiaelandavensis
808 3247 835 3306 in
849 3251 916 3308 tom.
932 3245 979 3307 lll.
989 3245 1143 3306 llonaslici
1153 3244 1219 3306 dn-

183 3341 307 3425 glicani,
322 3342 457 3405 Giraldus
471 3347 587 3425 quoquo
599 3343 787 3407 cambrensis
801 3333 830 3406 in
846 3345 1001 3408 cambriae
1015 3346 1217 3426 descriptione

225 3575 274 3644 20)
297 3576 331 3627 cf.
350 3579 383 3629 G.
401 3577 565 3644 Mocbeuzie,
585 3581 661 3632 Liras
679 3580 731 3631 sud
751 3579 906 3634 Clraroclors
925 3583 957 3634 ol
972 3582 1048 3634 Soots
1062 3583 1182 3636 Writers.
1194 3611 1226 3622 -

289 3662 386 3714 Edinb.
409 3663 477 3718 1708
494 3666 541 3716 lot.
565 3666 621 3718 vot.
638 3664 659 3726 Ι,
677 3685 703 3736 p.
722 3664 766 3718 49.

225 3764 274 3830 21)
292 3767 325 3816 cl.
342 3765 436 3818 Tbom.
458 3768 532 3820 Gale.
553 3769 570 3820 l.
589 3769 608 3823 l.
626 3778 698 3821 testt.
716 3789 742 3840 p.
766 3770 807 3823 10.

225 3867 275 3936 22)
293 3869 458 3924 Moncndurn
478 3881 520 3925 est
538 3873 589 3926 boo
607 3875 676 3938 loco,
695 3875 831 3936 Nostrum,
852 3883 976 3945 utsupra
995 3873 1167 3935 ostendimus,
1198 3874 1226 3924 in

290 3956 484 4027 antiquissimis
507 3959 582 4011 libris
610 3969 661 4012 tom
690 3961 850 4030 Eriugeuarn
877 3961 943 4024 ilici,
970 3977 1048 4032 quam
1079 3961 1227 4029 Erigonem.

290 4041 366 4112 Quae
385 4063 426 4099 res
443 4049 547 4100 maximi
567 4049 687 4120 prolecto
707 4057 748 4103 est
765 4051 901 4106 momenti.
920 4080 953 4093 -
