2938 4716
1178 367 1219 434 29

178 547 241 618 est,
281 545 322 617 ul,
358 537 603 618 quemadmodum
635 538 730 618 eapite
756 539 890 616 proximo
915 557 931 598 a
954 539 1041 602 nubis
1063 551 1108 606 est
1127 550 1224 628 expli-

175 647 292 716 calum,
324 645 416 699 totum
440 653 475 698 se
496 638 532 698 iis
554 636 649 710 daret,
681 643 831 718 totamque
851 653 890 699 cx
912 655 1014 701 eorum
1035 645 1129 706 sacris
1150 646 1219 726 phi·

176 740 348 819 losophiam
371 737 428 798 sibi
450 753 532 798 suam
554 743 711 816 repeteret

264 838 308 900 lle
340 843 491 915 tempore,
527 853 585 916 quo
621 835 667 897 luis
700 831 830 917 negoliis
859 843 1022 917 occupatus
1047 839 1115 918 luit,
1145 843 1232 905 nihil·

174 939 268 1020 plane
287 936 363 1018 apud
384 943 524 998 auctores
545 935 679 998 habetur.
722 925 876 1000 Credimus
897 945 1005 1017 aulem,
1041 958 1101 1002 non
1125 944 1215 1006 multo

174 1045 249 1120 post
273 1040 338 1100 eius
357 1039 386 1099 in
409 1035 532 1100 Galliam
554 1037 722 1114 adventum,
755 1039 843 1098 eliam
865 1043 934 1100 anto
956 1057 1062 1103 annum
1082 1043 1213 1107 DCCCL.

175 1141 259 1202 hane
280 1157 340 1199 rem
367 1153 422 1199 usu
443 1137 574 1198 venisse.
610 1136 697 1198 Certe
719 1137 747 1198 in
773 1137 848 1199 libro
871 1155 926 1201 suo
949 1139 987 1202 de
1005 1142 1215 1221 praedestina-

176 1240 273 1313 tione,
302 1253 388 1316 quem
410 1235 530 1297 circiter
551 1253 657 1298 annum
679 1237 808 1298 DCCCL.
833 1243 1019 1320 conscripsit,
1044 1243 1100 1303 iam
1123 1246 1213 1307 multo

174 1340 262 1420 plura
284 1336 434 1416 longeque
454 1335 565 1413 aliaeu
589 1336 716 1416 protulit,
739 1354 824 1418 quam
846 1355 922 1418 quae
944 1356 960 1399 a
982 1341 1054 1402 solis
1075 1342 1214 1406 lliltemis

175 1437 363 1521 philosophis
384 1443 434 1497 aut
454 1435 604 1518 theologis
628 1455 694 1498 eum
717 1437 859 1504 didicisse
881 1441 997 1502 eredas.
1033 1441 1097 1504 Huc
1121 1461 1213 1506 acce-

174 1539 233 1612 dit,
255 1537 332 1619 quod
354 1537 502 1616 Cerolum,
525 1538 628 1616 procul
648 1538 741 1599 dubio
756 1541 967 1620 Areopagitem
981 1541 1081 1623 legere
1098 1561 1212 1606 summe

172 1639 361 1720 cupientem,
396 1656 482 1718 quum
517 1638 677 1720 Erigonem
700 1639 827 1720 lrospitio
848 1642 1032 1720 excepisset,
1067 1660 1127 1705 non
1162 1645 1212 1706 diu

169 1741 279 1823 graeei
307 1740 352 1801 sui
374 1740 488 1800 codicis
512 1739 631 1800 oblitum
657 1739 747 1801 luisse
779 1747 920 1820 potamus.
971 1743 1106 1823 Denique
1136 1761 1211 1808 nus-

169 1859 281 1923 quam,
314 1847 452 1920 quantum
484 1841 612 1916 scimus,
645 1841 702 1901 nisi
732 1841 761 1901 in
792 1840 916 1920 epistola
946 1840 993 1902 illa
1015 1841 1209 1922 dedicatoria,

169 1941 308 2002 versioni
329 1941 529 2020 Areopagitae
552 1939 735 2018 praemissa,
771 1939 829 2000 ulla
860 1942 978 2001 ratione
1011 1942 1049 2002 ult
1079 1941 1209 2022 Erigene

168 2041 372 2123 significatum
395 2047 451 2117 est,
475 2039 593 2102 aliunde
612 2058 681 2102 sese
702 2041 731 2101 in
754 2039 874 2103 Gelliam
897 2042 1026 2104 venisse.
1074 2041 1118 2103 Eo
1151 2059 1208 2104 au-

168 2151 233 2205 tem
255 2143 324 2204 loco
343 2142 479 2220 scripsit:
512 2140 612 2220 „lianc
645 2142 733 2204 libam
762 2157 850 2202 sacro
879 2141 1061 2203 Craeeomm
1084 2148 1205 2204 nectare

167 2245 279 2307 leriam
300 2279 338 2290 -
362 2241 485 2302 Aduena
508 2239 636 2314 loannes
660 2243 782 2303 σπένδω
805 2258 874 2303 meo
893 2240 1083 2318 Carolo²³J.“

255 2343 361 2404 vernn
383 2341 522 2423 quidquid
554 2343 610 2403 hac
644 2341 681 2402 de
713 2359 747 2403 re
776 2343 881 2406 statuis
895 2345 956 2421 ἠε
994 2348 1062 2403 ante
1097 2359 1204 2405 annum

203 2628 253 2694 22)
271 2625 352 2687 Nam,
370 2632 399 2676 ut
418 2626 472 2676 alia
492 2634 639 2684 taceamus,
667 2625 828 2676 sententium
847 2623 880 2676 de
899 2632 1022 2694 peceato,
1049 2623 1083 2674 de
1102 2625 1203 2692 peccati

270 2727 366 2782 poene,
393 2727 471 2780 quam
491 2714 665 2780 Areopagitae
685 2711 773 2773 debet,
805 2713 857 2764 iam
879 2713 907 2763 in
927 2712 994 2782 libro
1012 2709 1046 2760 ‹le
1070 2709 1201 2779 praedest,

270 2799 401 2869 exposuit.
437 2799 476 2848 Cf.
498 2799 565 2848 iufra
587 2815 644 2867 cop.
664 2799 726 2858 lV.‚
745 2806 800 2848 not.
819 2797 855 2848 28
871 2817 927 2869 aeq.
946 2822 979 2838 -a
1005 2797 1097 2867 Neque
1114 2802 1203 2848 tamon

269 2884 296 2936 id
322 2883 395 2956 quod
420 2886 469 2935 iarn
498 2886 617 2952 proximo
643 2885 729 2952 capite
749 2901 780 2936 ex
801 2885 860 2934 loeo
880 2885 994 2955 quodam
1014 2885 1059 2952 (cl.
1078 2891 1132 2934 not.
1151 2883 1198 2950 27)

271 2973 399 3041 prooemii
417 2971 568 3038 Erigeniuni
586 2969 618 3020 ad
638 2971 739 3021 scholia
758 2987 778 3024 a.
798 2973 904 3022 llanimi
923 2980 1015 3042 patere
1037 2970 1203 3022 animadver-

267 3061 356 3120 timus,
376 3059 431 3108 ullo
452 3065 529 3125 parto
549 3067 590 3109 est
608 3059 758 3120 verisimile,
777 3075 845 3122 eum,
866 3061 1020 3128 priusquam
1032 3057 1065 3109 nel
1078 3057 1202 3109 carolum

268 3145 375 3195 Calvum
394 3145 505 3205 uenerit,
528 3145 704 3214 Areopagitae
722 3145 805 3196 libros
824 3147 985 3214 cognovisse.

197 3249 250 3315 23)
270 3247 303 3298 cl.
323 3249 441 3298 Sclrluet.
461 3265 486 3316 p.
505 3247 565 3298 608.

194 3349 246 3416 el)
270 3350 440 3402 Schlueterua
454 3359 617 3419 compertum
631 3350 729 3401 liabere
741 3351 853 3412 viderur,
874 3360 933 3420 post
945 3369 1041 3402 annum
1057 3350 1198 3402 cccclv.

263 3437 367 3487 ‹lernum
401 3437 536 3504 Erigenum
563 3437 595 3486 ad
622 3437 688 3487 illud
708 3440 841 3504 negotium
860 3440 999 3506 impulsum
1018 3455 1083 3490 ease.
1121 3438 1196 3490 Poul-

266 3542 343 3592 upnam
362 3526 431 3574 enim
453 3523 530 3590 (edil.
550 3527 607 3574 eiua
630 3542 655 3592 p.
677 3525 722 3592 tv)
743 3524 776 3576 ds
795 3527 910 3576 coneilio
931 3525 1036 3576 Valent.
1056 3523 1129 3595 quod
1148 3525 1196 3574 illo

263 3612 321 3678 ipso
340 3629 408 3662 uano
427 3613 474 3678 (cl.
495 3611 565 3660 mab.
585 3612 671 3662 annul.
691 3613 787 3662 [lened.
808 3613 866 3663 libr.
886 3611 927 3663 sl.
947 3630 972 3662 n.
991 3612 1034 3673 95,
1054 3612 1112 3662 Nat.
1132 3611 1197 3661 Ale·

262 3697 342 3747 xand.
364 3697 424 3749 liist.
448 3699 539 3748 eccles.
561 3715 627 3751 ruer.
648 3699 682 3749 tx
705 3707 732 3750 et
751 3699 782 3759 X,
811 3699 913 3750 dissert.
936 3699 967 3760 V,
1000 3699 1020 3769 §.
1049 3699 1096 3764 Xl)
1118 3697 1197 3747 liabi-

263 3792 318 3834 tum
333 3793 381 3845 est,
399 3787 619 3846 commemoravit,
640 3785 691 3835 lnoc
712 3787 790 3837 modo
810 3788 907 3854 pergit:
930 3786 1010 3846 „Post
1032 3783 1195 3834 lmecCarul.

260 3869 332 3920 Cale.
349 3871 486 3938 Erigennm
509 3873 541 3922 ael
556 3872 700 3939 (Pseudo-l
711 3875 883 3939 Dionysium·
905 3871 951 3945 [sic
963 3872 968 3922 !
980 3873 998 3940 l]
1019 3869 1196 3932 „uertendum

260 3958 413 4008 excitavit.“
439 3957 479 4009 Ne
498 3957 548 4010 hoc
566 3959 682 4028 quidem,
702 3959 773 4012 unde
793 3958 936 4022 didicerit„
947 3960 1003 4010 nlla
1022 3957 1101 4011 modo
1119 3975 1196 4028 repe-

262 4044 313 4095 rire
335 4047 477 4112 potuimus.
