2938 4716
222 623 273 692 De
299 622 371 694 vila
398 633 440 690 el*
457 619 658 716 praeceptis
678 619 822 690 loannis
846 620 942 692 Senti
970 623 1150 718 Erigonae.

577 785 670 834 Par·
689 787 795 848 prior.

614 939 761 952 ——

614 1071 712 1151 Capul
735 1071 760 1136 1.

246 1226 301 1288 Ubi
327 1234 358 1288 el
380 1225 498 1307 quando
523 1233 611 1288 unlus
630 1227 671 1288 sil
694 1231 824 1290 loannes
846 1229 956 1292 Scolus
978 1230 1123 1311 Erigone.

257 1406 401 1478 Quoniam
424 1405 547 1484 primum
569 1403 606 1464 rle
629 1403 743 1467 lSeoli
764 1407 913 1488 Erigonae
934 1410 1027 1487 palrin
1051 1409 1207 1474 dicendum

177 1523 244 1568 esse
264 1509 359 1566 risum
382 1504 447 1582 lull,
472 1523 571 1566 rerum
595 1513 735 1568 auctores
759 1525 860 1586 perum
885 1512 957 1570 cerii
980 1511 1018 1571 de
1040 1528 1076 1570 ea
1100 1509 1208 1572 allerre

174 1605 290 1682 solent,
322 1607 428 1684 quippe
457 1607 506 1686 qui
540 1607 569 1666 in
603 1606 739 1668 diversas
760 1616 859 1688 parles
882 1609 1019 1674 aberni..
1041 1613 1123 1682 Sunt,
1159 1610 1208 1692 qrri

176 1723 241 1768 euru
264 1709 294 1768 in
317 1705 455 1766 Hibernia
479 1711 578 1768 nulum
600 1723 668 1768 osse
690 1707 806 1786 dicanl,
841 1716 909 1770 sunl
936 1710 1039 1786 olium,
1076 1713 1123 1790 qui
1144 1712 1210 1772 An-

176 1806 265 1885 gliam
287 1805 352 1868 eius
372 1807 496 1886 palriaro
519 1806 611 1868 luisse
633 1805 797 1884 affirment,
830 1827 886 1870 nec
910 1809 1029 1886 desunt,
1061 1811 1110 1890 qui
1132 1809 1210 1870 adeo
1309 1803 1312 1808 ’

174 1907 213 1967 do
234 1901 282 1968 illa
310 1914 399 1982 lerna,
420 1924 506 1986 quaro
527 1925 605 1969 nuuc
627 1908 757 1990 Scoliam
782 1909 972 1990 appellamus,
1006 1912 1140 1990 cogilare
1164 1911 1213 1970 vix

176 2004 317 2068 dubilenl.
354 2006 440 2080 Quod
463 2008 492 2068 in
514 2013 592 2068 lania
615 2009 785 2088 opinionum
807 2013 950 2070 varietate
972 2017 1072 2072 noslra
1096 2009 1213 2088 quidem

174 2106 321 2168 uenientia
336 2109 492 2168 maximam
509 2107 640 2170 veritalis
655 2111 786 2188 speciem
802 2109 947 2190 praebere
964 2109 1108 2182 videnlur,
1131 2110 1213 2188 ipsos

175 2207 396 2286 antiquissimos
416 2209 579 2288 scriptores
601 2212 707 2287 seculi3
732 2217 818 2291 alque
835 2217 989 2290 praelerea
1005 2209 1134 2272 Tliornae
1152 2209 1214 2270 Ga-

175 2305 225 2382 lei‚
264 2305 456 2383 Oxuniensis,
487 2308 698 2384 cunieelure¹)
735 2310 885 2390 plurimum
909 2310 1010 2386 adimi,
1044 2325 1212 2389 proponere

173 2407 363 2468 conabimur.

259 2505 345 2580 Quod
368 2506 458 2586 igilur
478 2505 546 2566 olim
568 2523 652 2568 more
672 2507 725 2568 lull
747 2515 909 2586 receplum,
939 2513 970 2569 ul
997 2507 1134 2590 homines
1159 2525 1211 2570 co·

175 2623 308 2687 gnomen
322 2604 465 2666 haberent
480 2624 496 2666 a
512 2606 606 2684 palria
628 2608 756 2684 ductum,
775 2607 804 2668 id
826 2610 918 2688 ipsum
941 2609 1028 2670 elium
1052 2610 1080 2670 in
1104 2607 1213 2670 Nostro

176 2724 232 2768 usu
253 2706 343 2766 venir.
385 2705 457 2768 Nam
479 2705 596 2768 solitum
618 2707 682 2770 eius
704 2725 830 2784 nomen,
862 2705 990 2768 lomnes
1013 2708 1122 2771 Sculns
1143 2707 1214 2769 Eri-

175 2824 255 2888 gena
275 2807 355 2880 [sire
378 2805 544 2886 Eriugena)
577 2807 680 2888 procul
710 2810 800 2875 duliio
833 2809 891 2869 duo
917 2807 955 2868 ud
976 2810 1098 2890 palrium
1123 2809 1214 2888 ipsius

177 2905 402 2988 significandam
424 2905 624 2970 additamenla
648 2907 743 2970 liabel
789 2911 833 2970 llo
862 2910 961 2990 priore
981 2911 1104 2988 priorum
1126 2909 1214 2970 vide-

179 3006 285 3068 bimus.
328 3007 447 3070 Scolurn
471 3025 536 3068 eum
560 3007 668 3070 dicium
689 3029 766 3085 esse,
793 3009 872 3090 quod
895 3011 1002 3072 Soolus
1026 3009 1043 3068 i.
1067 3028 1093 3068 e.
1137 3010 1215 3070 Seo-

179 3112 274 3168 lorum
294 3107 393 3188 genus
414 3107 510 3187 luerit,
530 3117 642 3172 oerlum
664 3118 718 3184 esi,
740 3129 806 3171 eum
829 3117 968 3172 numurus
989 3107 1054 3168 elus
1075 3107 1215 3186 aequales

178 3206 328 3286 iidemque
347 3207 517 3288 gravissimi
547 3210 655 3290 passim
690 3216 850 3286 testentur,
887 3225 953 3269 eum
988 3206 1108 3266 nullone
1137 3205 1215 3264 Seo-

179 3313 240 3368 lum
260 3306 362 3373 luisse.

261 3406 399 3476 Nicolaus
431 3407 548 3490 quidem
582 3409 602 3471 l.
637 3417 718 3490 pont.
752 3427 828 3470 max.
864 3409 891 3468 in
925 3403 1049 3484 epislolu
1083 3401 1120 3462 do
1151 3399 1213 3464 No-

179 3513 244 3568 slro
287 3508 325 3568 ad
368 3497 506 3572 corolum
550 3511 669 3573 Calvum
716 3511 836 3574 scribil:
884 3505 1059 3582 „lounnos‚
1101 3517 1216 3584 genere

181 3677 454 3688 -u-—m-—a-—u-

237 3771 264 3837 1)
287 3769 321 3822 cl.
341 3771 447 3822 loannis
466 3770 538 3822 Stoli
557 3769 683 3836 Erigonae
707 3770 741 3823 cle
761 3771 814 3821 ille.
833 3771 894 3824 u'ar.
914 3771 976 3822 llbri
999 3769 1020 3818 V
1040 3769 1084 3820 ilio
1107 3765 1215 3816 deside·

290 3858 347 3908 ruli.
382 3859 492 3912 Arcadii
520 3857 655 3926 appendix
684 3875 716 3910 rx
744 3859 873 3926 ambiguis
904 3859 929 3916 S.
950 3859 1056 3909 lllorlrni
1078 3861 1217 3924 praecuret

286 3943 378 3996 latine.
415 3945 522 3998 Orouii.
544 3944 733 3998 rrucuxxlll.
753 3973 786 3990 -
814 3945 926 4000 Trrlirn.
946 3953 1066 3998 reiorum
1085 3943 1117 3994 ile
1136 3944 1157 3993 l.
1177 3943 1217 3991 Sc.

288 4031 325 4093 E„
346 4049 373 4102 p.
391 4031 408 4084 9
425 4049 470 4102 req

1003 4115 1017 4174 l
