2944 4714
781 235 843 296 vill

732 311 888 330 ῌ

352 426 413 496 Sed
429 425 520 492 absit:
547 409 619 508 quia
640 424 815 508 quicunqne
837 422 974 508 baptizat
995 421 1028 488 in
1050 419 1176 488 nornine
1191 419 1301 503 Patria,
1325 429 1362 488 et

265 513 346 594 Filii,
368 523 399 581 et
413 516 546 598 Spiritus
561 515 678 589 sancti3
705 513 819 596 dignus
834 531 874 577 aa
888 512 1048 596 indignus,
1069 518 1197 576 sanctus
1211 518 1264 575 ant
1279 527 1360 592 pec-
1452 561 1453 564 ,

265 611 363 682 catur,
390 601 560 667 catholicus
575 608 629 666 aut
641 600 823 680 hereticum
846 600 926 664 nibil
941 601 1080 679 interest,
1101 599 1248 681 quoniam
1263 599 1362 662 mini-

265 691 392 756 sterium
415 690 539 756 illorum
561 689 772 754 tantummodo
788 695 846 767 est,
869 706 929 751 nec
949 689 987 752 ab
1010 687 1057 752 eia
1077 687 1134 751 sed
1153 705 1212 770 per
1231 702 1288 750 eos
1310 686 1363 757 (si

265 783 351 844 recte
372 779 458 861 loqui
473 778 633 852 volumus]
656 775 838 858 baptizatur.
876 774 1018 840 Christus
1039 775 1135 858 igitur
1156 793 1212 858 per
1234 791 1362 838 mannan
1452 763 1453 818 ἒ

266 873 299 930 et
313 883 350 930 os
365 865 537 931 sacerdotis
551 865 702 946 baptizat5
725 863 876 942 Christus,
899 881 956 946 per
972 881 1094 927 manum
1110 867 1142 926 et
1155 881 1191 928 os
1205 860 1363 927 sacerdo-

265 953 317 1032 tia,
333 971 447 1035 corpus
463 959 495 1017 et
508 953 690 1035 sanguinem
706 969 794 1015 suuni
811 956 904 1014 creat.
931 950 982 1015 Aa
997 951 1243 1031 experimentum
1255 967 1364 1032 quoe-

265 1042 339 1105 ritis
353 1042 423 1122 ejus
446 1042 501 1122 qui
521 1041 555 1104 in
569 1059 617 1103 me
641 1040 781 1122 loquitar
797 1037 961 1102 cbristus!
997 1038 1129 1102 Dicebat
1150 1037 1274 1119 quidem
1299 1037 1363 1102 boe

266 1129 427 1212 apostolus
443 1146 505 1193 non
520 1135 705 1209 arroganter
719 1145 755 1192 se
771 1125 941 1205 efferendo,
963 1126 1019 1192 aed
1035 1125 1188 1190 veraciter
1202 1124 1362 1205 docendo,
1452 1155 1453 1188 i

157 1264 162 1274 1
267 1216 422 1282 Christum
446 1217 477 1281 in
502 1215 651 1280 ministris
674 1215 739 1279 sais
755 1221 788 1278 ei
801 1213 889 1294 loqui
904 1213 987 1297 quod
1003 1213 1062 1296 ipsi
1079 1213 1164 1294 ioqui
1179 1212 1363 1292 audiuntur,
1452 1281 1453 1300 ,

267 1310 300 1368 et
313 1303 438 1385 operari
454 1321 522 1386 quae
538 1303 595 1384 ipsi
612 1303 714 1366 iacere
731 1302 891 1380 ridentum
907 1308 1035 1385 propter
1051 1300 1133 1382 quod
1149 1301 1297 1366 sacerdos
1313 1308 1363 1365 est
1452 1307 1453 1320 ¹

266 1392 300 1455 in
316 1397 474 1466 aeternum,
496 1391 570 1473 quio
594 1390 662 1471 ipse
683 1396 731 1454 est
752 1391 806 1472 qui
821 1389 957 1470 baptizat
971 1396 1003 1453 et
1017 1391 1070 1471 qui
1098 1387 1245 1452 immolat.
1281 1388 1362 1453 Nam

267 1478 350 1561 quod
366 1477 462 1542 semel
478 1477 551 1542 iacit
566 1477 755 1559 passibiliter
769 1495 826 1560 per
846 1479 1063 1560 semetipsum
1085 1476 1115 1540 id
1133 1475 1274 1557 quotidie
1295 1475 1363 1559 agit

265 1564 497 1648 impassibiliter
522 1581 578 1646 per
600 1582 656 1629 eos
682 1565 794 1647 quibus
809 1563 894 1629 dedit
908 1570 1093 1647 potestatem
1108 1562 1188 1628 lilios
1203 1563 1264 1626 Dei
1279 1563 1361 1627 lieri.

266 1651 332 1718 Neo
346 1651 437 1716 aliter
459 1651 571 1716 melius
585 1670 680 1734 posse
696 1651 829 1734 intelligi
852 1658 938 1732 puto,
966 1650 1048 1734 quod
1072 1650 1231 1734 apostolus
1247 1650 1288 1713 da
1304 1650 1361 1716 illc

266 1739 326 1804 ait:
357 1738 419 1817 (tui
433 1745 480 1803 est
495 1739 538 1803 od
552 1739 716 1804 deuterum
730 1739 836 1803 Patria
851 1741 906 1821 qui
920 1740 1014 1802 etiam
1028 1737 1207 1819 interpellat
1218 1754 1282 1816 pro
1295 1757 1360 1802 ruo·

268 1827 335 1901 biu,·
359 1845 448 1910 marn
470 1833 504 1893 ut
518 1826 724 1908 interpellatio
740 1828 798 1891 ista
812 1826 865 1892 fiat
879 1845 943 1891 non
958 1826 1055 1892 uerba
1075 1825 1279 1909 proterendo,
1301 1825 1359 1890 sed

160 1951 164 1971 ·
268 1914 474 1982 obedientiam
489 1908 822 1998 atqueflbomanitatem
843 1932 928 1978 suam
952 1934 1009 1997 per
1031 1916 1360 1980 commemorationem

267 2003 423 2069 Passionis
437 2004 506 2067 Deo
522 2003 601 2066 Patri
628 2001 885 2068 commendandos
924 2001 991 2068 lloc
1012 2019 1137 2083 quoquc
1158 2002 1191 2064 in
1217 2001 1358 2082 ejusdem

268 2093 452 2157 sacramenti
475 2091 670 2155 institutione
693 2107 761 2153 cum
779 2089 843 2170 jam
867 2089 925 2154 sub
941 2090 1072 2154 articulo
1089 2089 1186 2172 ipsius
1201 2091 1359 2171 passionis

268 2181 460 2262 agonizaret,
484 2184 515 2240 et
537 2177 574 2241 ad
597 2177 723 2242 dolores
749 2178 851 2240 carnis
876 2195 948 2241 rnox
963 2177 1083 2242 tuturos
1099 2176 1231 2258 prescio
1246 2179 1359 2258 spiritu

267 2269 435 2348 pavitaret;
450 2265 520 2342 boo,
535 2265 671 2348 inquam,
688 2265 889 2328 certissimam
905 2265 1018 2348 pignus
1034 2265 1094 2343 sui,
1120 2262 1243 2327 dilectis
1258 2265 1358 2328 disci·
1451 2311 1452 2344 ,

268 2352 349 2436 pulis
374 2353 572 2435 relinquens:
609 2351 798 2429 Hocfueite,
823 2353 932 2434 inquit,
951 2353 983 2414 in
1008 2371 1109 2415 meam
1131 2369 1360 2416 commemoro-
1451 2387 1452 2390 π

268 2442 403 2514 tionem;
426 2441 762 2517 commemorationem,
788 2441 923 2521 inquam,
944 2439 1100 2504 claritatis
1121 2458 1195 2523 erga
1220 2459 1277 2506 vos
1299 2455 1359 2522 pro

268 2529 380 2610 quibus
396 2530 526 2590 animam
542 2545 637 2610 pono,
664 2534 696 2590 et
710 2527 895 2592 obedientia
911 2529 992 2610 apud
1018 2535 1157 2611 patrem3
1182 2530 1254 2609 quia
1278 2530 1360 2593 sicut

268 2615 451 2678 mandatum
466 2615 551 2677 dedit
565 2615 640 2676 miti
653 2614 760 2692 Pater,
776 2617 822 2678 sic
836 2613 936 2694 [ocio.

357 2700 445 2777 Quod
461 2702 488 2765 si
504 2719 582 2783 quos
598 2707 702 2766 movet
723 2719 778 2766 our
797 2702 857 2767 hoc
872 2708 1095 2767 sacramentum
1110 2721 1174 2768 non
1189 2699 1358 2768 visibiliter

268 2795 489 2854 bansmutetur
510 2791 542 2853 in
563 2791 698 2872 speciem
723 2791 825 2853 carnis
847 2799 878 2854 et
899 2791 1072 2874 sanguinis,
1098 2790 1257 2855 attendant
1273 2791 1359 2872 qaod
1451 2833 1452 2862 ,

269 2879 427 2961 apostolus
442 2878 500 2941 ait:
526 2877 600 2958 „Por
616 2877 705 2942 fldem
722 2877 921 2957 anibulamus
937 2885 969 2942 et
982 2897 1045 2943 non
1062 2893 1117 2960 per
1131 2880 1278 2961 speeiem.
1303 2877 1359 2942 Est

268 2974 369 3030 autem
386 2959 489 3044 ddes,“
504 2965 666 3047 sicutipse
682 2963 832 3044 delinivit,
854 2967 1093 3046 „sperandarum
1115 2966 1286 3030 substantia
1302 2983 1358 3028 re-

269 3071 349 3133 rum,
364 3060 575 3135 argumentum
592 3071 655 3118 non
671 3049 909 3132 apparentium.“
931 3056 963 3119 si
979 3055 1062 3118 enirn
1080 3054 1160 3136 quod
1177 3055 1259 3118 intus
1274 3059 1358 3130 sunt,
1451 3033 1452 3050 ³

267 3141 346 3206 ioris
362 3147 550 3205 sacramenta
573 3141 781 3206 ostenderint:
805 3140 881 3205 tides
904 3160 945 3206 ex
968 3159 1027 3224 qua
1046 3141 1158 3222 justus
1183 3142 1271 3218 eicit,
1295 3157 1358 3206 noa

269 3231 369 3294 solum
392 3229 510 3307 otiosa,
532 3245 639 3294 veruna
662 3227 746 3292 nulla
769 3230 895 3294 omnino
920 3236 1009 3294 esset.
1050 3228 1141 3307 (laod
1173 3229 1253 3292 enin
1272 3228 1359 3292 cidet

269 3317 349 3400 quie,
365 3318 420 3399 qui
433 3315 564 3397 aperuit
587 3317 626 3380 Ut
640 3334 716 3399 ergo
733 3314 809 3381 tides
825 3325 1009 3382 exerceatur
1023 3315 1179 3382 credendo
1196 3315 1278 3398 quod
1296 3333 1358 3382 non

268 3411 408 3488 apparet,
428 3405 523 3468 vitale
543 3410 765 3469 sacramentum
781 3405 838 3469 sub
854 3407 957 3488 specie
973 3422 1124 3488 corporea
1140 3402 1258 3469 utiliter
1271 3401 1358 3481 latet,

268 3490 314 3557 ati
336 3493 436 3557 anima
460 3493 492 3555 in
517 3509 659 3576 corpore.
701 3491 844 3574 Denique
868 3498 899 3557 et
920 3493 1062 3574 baptismi
1091 3509 1179 3576 aque
1202 3491 1357 3574 quelibet,

270 3579 370 3644 cc'uiis
392 3579 574 3645 intuentium
596 3580 759 3660 uidentur3
791 3588 823 3645 et
850 3580 943 3646 bomo
963 3581 1148 3664 baptizatus,
1178 3579 1252 3662 qaid
1274 3577 1357 3643 aliud

269 3682 360 3750 quarn
377 3667 459 3750 quod
473 3675 563 3732 antea
579 3675 654 3745 erat,
670 3668 812 3749 apparet!
842 3665 912 3732 Non
929 3667 1010 3732 enirn
1027 3687 1068 3732 ex
1081 3670 1174 3750 nigro
1190 3666 1291 3744 albus,
1307 3669 1358 3730 aut

270 3773 311 3819 ex
325 3753 470 3821 illiterato
482 3755 698 3838 gramandicus
712 3772 768 3837 per
783 3755 937 3821 lavacrum
952 3755 1202 3842 regenerationis
1217 3753 1357 3820 allicitur.

271 3840 458 3906 Ocnimoiir
478 3841 586 3920 bomo,
606 3843 659 3926 qui
682 3860 744 3907 non
763 3843 892 3925 percipit
906 3861 943 3908 ea
959 3861 1027 3927 qne
1044 3843 1101 3908 Dei
1121 3849 1203 3907 sunt.
1241 3841 1355 3907 Ocaro

271 3927 445 3994 carnalibus
464 3930 633 4012 phantasiis
657 3931 755 4014 magis
777 3949 866 4013 quam
890 3931 964 3995 vino
988 3930 1083 3995 ebria.
1129 3929 1300 4012 Quousque
1320 3926 1356 3992 ab

270 4016 319 4083 bis
335 4023 397 4080 iam
413 4015 579 4083 infeliciter
594 4016 818 4082 ludificaberis!
848 4016 917 4084 Nou
941 4018 1022 4084 enim
1045 4015 1154 4084 similia
1176 4023 1223 4081 est
1238 4017 1356 4080 liic-er·

269 4107 326 4174 ror
340 4105 539 4188 denegationi
554 4103 661 4170 salutis
676 4108 855 4184 animarum,
878 4111 932 4171 aut
947 4104 1140 4172 illusionibus
1155 4106 1355 4180 somniorum,

271 4199 324 4262 aut
338 4193 378 4261 de
393 4193 482 4276 andr
497 4199 530 4258 et
543 4193 678 4275 speculis
693 4193 906 4261 resultantium
926 4193 1195 4280 imaginationum:
1219 4191 1291 4276 quia
1313 4189 1355 4256 ibi
