<?xml version="1.0" encoding="UTF-8"?>
<!DOCTYPE html PUBLIC "-//W3C//DTD XHTML 1.0 Transitional//EN"
    "http://www.w3.org/TR/xhtml1/DTD/xhtml1-transitional.dtd">
<html xmlns="http://www.w3.org/1999/xhtml" xml:lang="en" lang="en">
 <head>
  <title>
</title>
<meta http-equiv="Content-Type" content="text/html;charset=utf-8" />
  <meta name='ocr-system' content='tesseract 3.04.00' />
  <meta name='ocr-capabilities' content='ocr_page ocr_carea ocr_par ocr_line ocrx_word'/>
</head>
<body>
  <div class='ocr_page' id='page_1' title='image "./deioannescotoer00unkngoog_0037.png"; bbox 0 0 2938 4716; ppageno 0'>
   <div class='ocr_carea' id='block_1_1' title="bbox 302 359 344 423">
    <p class='ocr_par' dir='ltr' id='par_1_1' title="bbox 302 359 344 423">
     <span class='ocr_line' id='line_1_1' title="bbox 302 359 344 423; baseline 0.024 -1"><span class='ocrx_word' id='word_1_1' title='bbox 302 359 344 423; x_wconf 84' lang='lat'>30</span> 
     </span>
    </p>
   </div>
   <div class='ocr_carea' id='block_1_2' title="bbox 301 525 1342 808">
    <p class='ocr_par' dir='ltr' id='par_1_2' title="bbox 301 525 1342 808">
     <span class='ocr_line' id='line_1_2' title="bbox 306 525 1342 608; baseline 0 -16"><span class='ocrx_word' id='word_1_2' title='bbox 306 527 464 592; x_wconf 80' lang='lat' dir='ltr'>DCCCLX.</span> <span class='ocrx_word' id='word_1_3' title='bbox 483 528 531 589; x_wconf 89' lang='lat' dir='ltr'>vet</span> <span class='ocrx_word' id='word_1_4' title='bbox 553 525 919 608; x_wconf 79' lang='lat' dir='ltr'>DCCCLXV.ttionysius</span> <span class='ocrx_word' id='word_1_5' title='bbox 949 525 1100 592; x_wconf 87' lang='lat' dir='ltr'>absolutus</span> <span class='ocrx_word' id='word_1_6' title='bbox 1127 529 1190 598; x_wconf 87' lang='lat' dir='ltr'>fuit.</span> <span class='ocrx_word' id='word_1_7' title='bbox 1233 527 1342 594; x_wconf 78' lang='lat' dir='ltr'>Exstat</span> 
     </span>
     <span class='ocr_line' id='line_1_3' title="bbox 301 624 1339 707; baseline 0.002 -18"><span class='ocrx_word' id='word_1_8' title='bbox 301 647 338 690; x_wconf 88' lang='lat' dir='ltr'>aa</span> <span class='ocrx_word' id='word_1_9' title='bbox 361 629 399 688; x_wconf 84' lang='lat' dir='ltr'>rte</span> <span class='ocrx_word' id='word_1_10' title='bbox 418 645 451 688; x_wconf 91' lang='lat' dir='ltr'>re</span> <span class='ocrx_word' id='word_1_11' title='bbox 473 626 548 707; x_wconf 76' lang='lat' dir='ltr'>apud</span> <span class='ocrx_word' id='word_1_12' title='bbox 572 627 708 688; x_wconf 86' lang='lat' dir='ltr'>Bulaeum</span> <span class='ocrx_word' id='word_1_13' title='bbox 729 624 784 696; x_wconf 84' lang='lat' dir='ltr'>(cf.</span> <span class='ocrx_word' id='word_1_14' title='bbox 808 644 874 705; x_wconf 90' lang='lat' dir='ltr'>sup.</span> <span class='ocrx_word' id='word_1_15' title='bbox 898 635 959 688; x_wconf 89' lang='lat' dir='ltr'>not.</span> <span class='ocrx_word' id='word_1_16' title='bbox 984 631 1050 698; x_wconf 71' lang='lat' dir='ltr'>tl.)</span> <span class='ocrx_word' id='word_1_17' title='bbox 1069 627 1146 690; x_wconf 90' lang='lat' dir='ltr'>baec</span> <span class='ocrx_word' id='word_1_18' title='bbox 1165 627 1280 691; x_wconf 86' lang='lat' dir='ltr'>Nicolai</span> <span class='ocrx_word' id='word_1_19' title='bbox 1302 629 1339 702; x_wconf 92' lang='lat' dir='ltr'>l.,</span> 
     </span>
     <span class='ocr_line' id='line_1_4' title="bbox 301 726 1341 808; baseline 0.002 -18"><span class='ocrx_word' id='word_1_20' title='bbox 301 735 393 808; x_wconf 76' lang='lat' dir='ltr'>pont,</span> <span class='ocrx_word' id='word_1_21' title='bbox 414 745 502 802; x_wconf 75' lang='lat' dir='ltr'>max,</span> <span class='ocrx_word' id='word_1_22' title='bbox 525 726 659 806; x_wconf 88' lang='lat' dir='ltr'>epistola.</span> <span class='ocrx_word' id='word_1_23' title='bbox 701 726 781 804; x_wconf 81' lang='lat' dir='ltr'>,Nic</span> <span class='ocrx_word' id='word_1_24' title='bbox 811 727 841 788; x_wconf 90' lang='lat' dir='ltr'>S.</span> <span class='ocrx_word' id='word_1_25' title='bbox 873 728 902 788; x_wconf 92' lang='lat' dir='ltr'>S.</span> <span class='ocrx_word' id='word_1_26' title='bbox 927 729 962 788; x_wconf 90' lang='lat' dir='ltr'>l).</span> <span class='ocrx_word' id='word_1_27' title='bbox 997 729 1111 790; x_wconf 84' lang='lat' dir='ltr'>Dilecto</span> <span class='ocrx_word' id='word_1_28' title='bbox 1142 728 1202 790; x_wconf 89' lang='lat' dir='ltr'>lilio</span> <span class='ocrx_word' id='word_1_29' title='bbox 1229 728 1341 792; x_wconf 87' lang='lat' dir='ltr'>Caroto</span> 
     </span>
    </p>
   </div>
   <div class='ocr_carea' id='block_1_3' title="bbox 301 824 1384 1208">
    <p class='ocr_par' dir='ltr' id='par_1_3' title="bbox 301 824 1384 1208">
     <span class='ocr_line' id='line_1_5' title="bbox 302 824 1341 908; baseline 0.001 -18"><span class='ocrx_word' id='word_1_30' title='bbox 302 829 381 890; x_wconf 89' lang='lat' dir='ltr'>Glor.</span> <span class='ocrx_word' id='word_1_31' title='bbox 406 828 513 888; x_wconf 78' lang='lat' dir='ltr'>franc.</span> <span class='ocrx_word' id='word_1_32' title='bbox 538 826 571 886; x_wconf 87' lang='lat' dir='ltr'>u.</span> <span class='ocrx_word' id='word_1_33' title='bbox 612 824 672 888; x_wconf 86' lang='lat' dir='ltr'>Sed</span> <span class='ocrx_word' id='word_1_34' title='bbox 695 843 788 906; x_wconf 81' lang='lat' dir='ltr'><strong>nuper</strong></span> <span class='ocrx_word' id='word_1_35' title='bbox 810 826 966 904; x_wconf 85' lang='lat' dir='ltr'>doluimus,</span> <span class='ocrx_word' id='word_1_36' title='bbox 988 828 1164 892; x_wconf 89' lang='lat' dir='ltr'>ut-rclatum</span> <span class='ocrx_word' id='word_1_37' title='bbox 1185 833 1232 890; x_wconf 89' lang='lat' dir='ltr'>est</span> <span class='ocrx_word' id='word_1_38' title='bbox 1251 829 1341 908; x_wconf 81' lang='lat' dir='ltr'>Apo-</span> 
     </span>
     <span class='ocr_line' id='line_1_6' title="bbox 301 926 1339 1009; baseline 0.002 -21"><span class='ocrx_word' id='word_1_39' title='bbox 301 928 420 989; x_wconf 88' lang='lat' dir='ltr'>stolatui</span> <span class='ocrx_word' id='word_1_40' title='bbox 451 932 573 1003; x_wconf 91' lang='lat' dir='ltr'>nostro,</span> <span class='ocrx_word' id='word_1_41' title='bbox 610 926 691 1004; x_wconf 87' lang='lat' dir='ltr'>quod</span> <span class='ocrx_word' id='word_1_42' title='bbox 720 943 794 1005; x_wconf 92' lang='lat' dir='ltr'>opus</span> <span class='ocrx_word' id='word_1_43' title='bbox 819 927 955 1006; x_wconf 83' lang='lat' dir='ltr'>Dionysii</span> <span class='ocrx_word' id='word_1_44' title='bbox 982 928 1185 1008; x_wconf 79' lang='lat' dir='ltr'>Areopagitae</span> <span class='ocrx_word' id='word_1_45' title='bbox 1217 929 1339 1009; x_wconf 86' lang='lat' dir='ltr'>quidam</span> 
     </span>
     <span class='ocr_line' id='line_1_7' title="bbox 302 1025 1341 1108; baseline 0 -18"><span class='ocrx_word' id='word_1_46' title='bbox 302 1031 347 1090; x_wconf 81' lang='lat' dir='ltr'>nir</span> <span class='ocrx_word' id='word_1_47' title='bbox 371 1027 516 1101; x_wconf 89' lang='lat' dir='ltr'>loannes,</span> <span class='ocrx_word' id='word_1_48' title='bbox 548 1026 671 1088; x_wconf 73' lang='lat' dir='ltr'>arbone</span> <span class='ocrx_word' id='word_1_49' title='bbox 703 1025 828 1104; x_wconf 86' lang='lat' dir='ltr'>Scelus,</span> <span class='ocrx_word' id='word_1_50' title='bbox 861 1044 956 1108; x_wconf 83' lang='lat' dir='ltr'>nuper</span> <span class='ocrx_word' id='word_1_51' title='bbox 975 1029 1123 1089; x_wconf 75' lang='lat' dir='ltr'>transtulit</span> <span class='ocrx_word' id='word_1_52' title='bbox 1144 1029 1173 1090; x_wconf 92' lang='lat' dir='ltr'>iu</span> <span class='ocrx_word' id='word_1_53' title='bbox 1193 1028 1341 1108; x_wconf 87' lang='lat' dir='ltr'>Latinum,</span> 
     </span>
     <span class='ocr_line' id='line_1_8' title="bbox 302 1125 1384 1208; baseline 0 -18"><span class='ocrx_word' id='word_1_54' title='bbox 302 1129 381 1208; x_wconf 87' lang='lat' dir='ltr'>quod</span> <span class='ocrx_word' id='word_1_55' title='bbox 403 1129 481 1187; x_wconf 87' lang='lat' dir='ltr'>iuxta</span> <span class='ocrx_word' id='word_1_56' title='bbox 505 1142 617 1187; x_wconf 81' lang='lat' dir='ltr'>oaorem</span> <span class='ocrx_word' id='word_1_57' title='bbox 636 1125 784 1188; x_wconf 88' lang='lat' dir='ltr'>ecclesiae</span> <span class='ocrx_word' id='word_1_58' title='bbox 806 1127 894 1188; x_wconf 85' lang='lat' dir='ltr'>nobis</span> <span class='ocrx_word' id='word_1_59' title='bbox 924 1128 996 1195; x_wconf 89' lang='lat' dir='ltr'>mitti</span> <span class='ocrx_word' id='word_1_60' title='bbox 1026 1132 1056 1189; x_wconf 90' lang='lat' dir='ltr'>et</span> <span class='ocrx_word' id='word_1_61' title='bbox 1084 1133 1188 1189; x_wconf 86' lang='lat' dir='ltr'>nostro</span> <span class='ocrx_word' id='word_1_62' title='bbox 1224 1127 1337 1190; x_wconf 85' lang='lat' dir='ltr'>iudicio</span> <span class='ocrx_word' id='word_1_63' title='bbox 1381 1160 1384 1166; x_wconf 93' lang='lat'>·</span> 
     </span>
    </p>
   </div>
   <div class='ocr_carea' id='block_1_4' title="bbox 302 1225 1339 2110">
    <p class='ocr_par' dir='ltr' id='par_1_4' title="bbox 302 1225 1339 1804">
     <span class='ocr_line' id='line_1_9' title="bbox 303 1225 1338 1308; baseline 0.003 -20"><span class='ocrx_word' id='word_1_64' title='bbox 303 1227 404 1288; x_wconf 88' lang='lat' dir='ltr'>debuit</span> <span class='ocrx_word' id='word_1_65' title='bbox 424 1225 593 1305; x_wconf 86' lang='lat' dir='ltr'>approbari.</span> <span class='ocrx_word' id='word_1_66' title='bbox 637 1225 812 1288; x_wconf 80' lang='lat' dir='ltr'>Praesertim</span> <span class='ocrx_word' id='word_1_67' title='bbox 843 1245 931 1308; x_wconf 88' lang='lat' dir='ltr'>quum</span> <span class='ocrx_word' id='word_1_68' title='bbox 965 1227 1043 1288; x_wconf 90' lang='lat' dir='ltr'>idem</span> <span class='ocrx_word' id='word_1_69' title='bbox 1071 1227 1200 1288; x_wconf 88' lang='lat' dir='ltr'>loannes</span> <span class='ocrx_word' id='word_1_70' title='bbox 1227 1228 1338 1290; x_wconf 84' lang='lat' dir='ltr'>multae</span> 
     </span>
     <span class='ocr_line' id='line_1_10' title="bbox 302 1325 1338 1406; baseline 0.003 -19"><span class='ocrx_word' id='word_1_71' title='bbox 302 1327 446 1387; x_wconf 88' lang='lat' dir='ltr'>scientiae</span> <span class='ocrx_word' id='word_1_72' title='bbox 467 1343 535 1387; x_wconf 85' lang='lat' dir='ltr'>assa</span> <span class='ocrx_word' id='word_1_73' title='bbox 552 1325 742 1405; x_wconf 78' lang='lat' dir='ltr'>praedicetur</span> <span class='ocrx_word' id='word_1_74' title='bbox 764 1325 849 1405; x_wconf 92' lang='lat' dir='ltr'>olim,</span> <span class='ocrx_word' id='word_1_75' title='bbox 886 1325 940 1387; x_wconf 84' lang='lat' dir='ltr'>sert</span> <span class='ocrx_word' id='word_1_76' title='bbox 974 1343 1035 1388; x_wconf 89' lang='lat' dir='ltr'>nou</span> <span class='ocrx_word' id='word_1_77' title='bbox 1067 1343 1141 1388; x_wconf 88' lang='lat' dir='ltr'>sane</span> <span class='ocrx_word' id='word_1_78' title='bbox 1168 1343 1276 1406; x_wconf 81' lang='lat' dir='ltr'>sapere</span> <span class='ocrx_word' id='word_1_79' title='bbox 1306 1331 1338 1392; x_wconf 93' lang='lat' dir='ltr'>iu</span> 
     </span>
     <span class='ocr_line' id='line_1_11' title="bbox 304 1425 1338 1507; baseline 0.002 -19"><span class='ocrx_word' id='word_1_80' title='bbox 304 1426 479 1506; x_wconf 82' lang='lat' dir='ltr'>quibusdam</span> <span class='ocrx_word' id='word_1_81' title='bbox 501 1425 646 1507; x_wconf 81' lang='lat' dir='ltr'>frequenti</span> <span class='ocrx_word' id='word_1_82' title='bbox 667 1444 787 1489; x_wconf 90' lang='lat' dir='ltr'>rumore</span> <span class='ocrx_word' id='word_1_83' title='bbox 808 1427 934 1490; x_wconf 91' lang='lat' dir='ltr'>dicatur.</span> <span class='ocrx_word' id='word_1_84' title='bbox 958 1463 995 1478; x_wconf 90' lang='lat'>-</span> <span class='ocrx_word' id='word_1_85' title='bbox 1014 1465 1051 1479; x_wconf 89' lang='lat'><em>-</em></span> <span class='ocrx_word' id='word_1_86' title='bbox 1072 1463 1113 1478; x_wconf 90' lang='lat'><em>-</em></span> <span class='ocrx_word' id='word_1_87' title='bbox 1134 1429 1238 1489; x_wconf 88' lang='lat' dir='ltr'>Datum</span> <span class='ocrx_word' id='word_1_88' title='bbox 1256 1446 1338 1492; x_wconf 89' lang='lat' dir='ltr'>anno</span> 
     </span>
     <span class='ocr_line' id='line_1_12' title="bbox 304 1525 1338 1606; baseline 0.003 -17"><span class='ocrx_word' id='word_1_89' title='bbox 304 1529 408 1606; x_wconf 90' lang='lat' dir='ltr'>ltpost.</span> <span class='ocrx_word' id='word_1_90' title='bbox 431 1527 525 1588; x_wconf 91' lang='lat' dir='ltr'>nostri</span> <span class='ocrx_word' id='word_1_91' title='bbox 560 1525 629 1588; x_wconf 84' lang='lat' dir='ltr'>lll.“</span> <span class='ocrx_word' id='word_1_92' title='bbox 659 1563 700 1576; x_wconf 87' lang='lat'>-</span> <span class='ocrx_word' id='word_1_93' title='bbox 727 1527 783 1589; x_wconf 85' lang='lat' dir='ltr'>llic</span> <span class='ocrx_word' id='word_1_94' title='bbox 806 1535 853 1589; x_wconf 89' lang='lat' dir='ltr'>est</span> <span class='ocrx_word' id='word_1_95' title='bbox 874 1545 968 1590; x_wconf 88' lang='lat' dir='ltr'>annus</span> <span class='ocrx_word' id='word_1_96' title='bbox 1000 1528 1168 1604; x_wconf 55' lang='lat' dir='ltr'>nocuum</span> <span class='ocrx_word' id='word_1_97' title='bbox 1199 1528 1254 1590; x_wconf 86' lang='lat' dir='ltr'>scd</span> <span class='ocrx_word' id='word_1_98' title='bbox 1286 1530 1338 1592; x_wconf 92' lang='lat' dir='ltr'>alti</span> 
     </span>
     <span class='ocr_line' id='line_1_13' title="bbox 302 1617 1339 1710; baseline 0.006 -24"><span class='ocrx_word' id='word_1_99' title='bbox 302 1627 414 1703; x_wconf 87' lang='lat' dir='ltr'>volunt,</span> <span class='ocrx_word' id='word_1_100' title='bbox 448 1627 525 1689; x_wconf 90' lang='lat' dir='ltr'>banc</span> <span class='ocrx_word' id='word_1_101' title='bbox 548 1627 701 1706; x_wconf 90' lang='lat' dir='ltr'>epistolam</span> <span class='ocrx_word' id='word_1_102' title='bbox 724 1617 843 1690; x_wconf 79' lang='lat' dir='ltr'>circiter</span> <span class='ocrx_word' id='word_1_103' title='bbox 865 1647 973 1696; x_wconf 89' lang='lat' dir='ltr'>annum</span> <span class='ocrx_word' id='word_1_104' title='bbox 995 1628 1177 1692; x_wconf 82' lang='lat' dir='ltr'>DCCCLXV.</span> <span class='ocrx_word' id='word_1_105' title='bbox 1198 1631 1339 1710; x_wconf 89' lang='lat' dir='ltr'>scriptam</span> 
     </span>
     <span class='ocr_line' id='line_1_14' title="bbox 302 1732 438 1804; baseline -0.029 -16"><span class='ocrx_word' id='word_1_106' title='bbox 302 1732 438 1804; x_wconf 74' lang='lat' dir='ltr'>esso25).</span> 
     </span>
    </p>

    <p class='ocr_par' dir='ltr' id='par_1_5' title="bbox 304 1825 1338 2110">
     <span class='ocr_line' id='line_1_15' title="bbox 387 1825 1338 1906; baseline 0.002 -18"><span class='ocrx_word' id='word_1_107' title='bbox 387 1825 472 1900; x_wconf 85' lang='lat' dir='ltr'>Quod</span> <span class='ocrx_word' id='word_1_108' title='bbox 496 1825 634 1890; x_wconf 84' lang='lat' dir='ltr'>Nicotaus</span> <span class='ocrx_word' id='word_1_109' title='bbox 657 1826 691 1903; x_wconf 94' lang='lat' dir='ltr'>l.,</span> <span class='ocrx_word' id='word_1_110' title='bbox 722 1831 804 1905; x_wconf 88' lang='lat' dir='ltr'>pont.</span> <span class='ocrx_word' id='word_1_111' title='bbox 828 1841 924 1900; x_wconf 73' lang='lat' dir='ltr'>mam,</span> <span class='ocrx_word' id='word_1_112' title='bbox 960 1829 1109 1906; x_wconf 88' lang='lat' dir='ltr'>queritur,</span> <span class='ocrx_word' id='word_1_113' title='bbox 1139 1827 1195 1888; x_wconf 91' lang='lat' dir='ltr'>sibi</span> <span class='ocrx_word' id='word_1_114' title='bbox 1221 1843 1276 1890; x_wconf 86' lang='lat' dir='ltr'>eos</span> <span class='ocrx_word' id='word_1_115' title='bbox 1297 1827 1338 1890; x_wconf 88' lang='lat' dir='ltr'>ti-</span> 
     </span>
     <span class='ocr_line' id='line_1_16' title="bbox 304 1926 1337 2007; baseline 0 -17"><span class='ocrx_word' id='word_1_116' title='bbox 304 1930 375 1990; x_wconf 90' lang='lat' dir='ltr'>bros</span> <span class='ocrx_word' id='word_1_117' title='bbox 394 1927 523 1989; x_wconf 89' lang='lat' dir='ltr'>nondum</span> <span class='ocrx_word' id='word_1_118' title='bbox 547 1928 654 1988; x_wconf 91' lang='lat' dir='ltr'>missos</span> <span class='ocrx_word' id='word_1_119' title='bbox 675 1926 778 2002; x_wconf 93' lang='lat' dir='ltr'>luisse,</span> <span class='ocrx_word' id='word_1_120' title='bbox 800 1926 943 1988; x_wconf 86' lang='lat' dir='ltr'>incertum</span> <span class='ocrx_word' id='word_1_121' title='bbox 966 1934 1021 2002; x_wconf 87' lang='lat' dir='ltr'>est,</span> <span class='ocrx_word' id='word_1_122' title='bbox 1041 1933 1135 1990; x_wconf 90' lang='lat' dir='ltr'>utrum</span> <span class='ocrx_word' id='word_1_123' title='bbox 1158 1927 1217 1988; x_wconf 90' lang='lat' dir='ltr'>troc</span> <span class='ocrx_word' id='word_1_124' title='bbox 1231 1933 1337 2007; x_wconf 90' lang='lat' dir='ltr'>postea</span> 
     </span>
     <span class='ocr_line' id='line_1_17' title="bbox 304 2007 1335 2110; baseline 0 -20"><span class='ocrx_word' id='word_1_125' title='bbox 304 2030 411 2090; x_wconf 77' lang='lat' dir='ltr'>linctum</span> <span class='ocrx_word' id='word_1_126' title='bbox 432 2029 480 2102; x_wconf 92' lang='lat' dir='ltr'>sit,</span> <span class='ocrx_word' id='word_1_127' title='bbox 501 2045 557 2088; x_wconf 88' lang='lat' dir='ltr'>nec</span> <span class='ocrx_word' id='word_1_128' title='bbox 579 2044 627 2089; x_wconf 88' lang='lat' dir='ltr'>ne.</span> <span class='ocrx_word' id='word_1_129' title='bbox 669 2027 731 2090; x_wconf 90' lang='lat' dir='ltr'>Nos</span> <span class='ocrx_word' id='word_1_130' title='bbox 755 2025 872 2108; x_wconf 87' lang='lat' dir='ltr'>quidem</span> <span class='ocrx_word' id='word_1_131' title='bbox 895 2025 953 2089; x_wconf 91' lang='lat' dir='ltr'>hac</span> <span class='ocrx_word' id='word_1_132' title='bbox 976 2027 1014 2089; x_wconf 91' lang='lat' dir='ltr'>de</span> <span class='ocrx_word' id='word_1_133' title='bbox 1037 2045 1070 2090; x_wconf 89' lang='lat' dir='ltr'>re</span> <span class='ocrx_word' id='word_1_134' title='bbox 1090 2027 1162 2090; x_wconf 92' lang='lat' dir='ltr'>nibil</span> <span class='ocrx_word' id='word_1_135' title='bbox 1180 2007 1335 2110; x_wconf 71' lang='lat' dir='ltr'>&#39;cognitum</span> 
     </span>
    </p>
   </div>
   <div class='ocr_carea' id='block_1_5' title="bbox 103 2113 509 2210">
    <p class='ocr_par' dir='ltr' id='par_1_6' title="bbox 103 2113 509 2210">
     <span class='ocr_line' id='line_1_18' title="bbox 103 2113 509 2210; baseline -0.005 -20"><span class='ocrx_word' id='word_1_136' title='bbox 103 2113 113 2132; x_wconf 70' lang='lat'>‘</span> <span class='ocrx_word' id='word_1_137' title='bbox 198 2203 201 2210; x_wconf 33' lang='grc' dir='ltr'>Ι</span> <span class='ocrx_word' id='word_1_138' title='bbox 302 2129 509 2204; x_wconf 74' lang='lat' dir='ltr'>lrabemus20).</span> 
     </span>
    </p>
   </div>
   <div class='ocr_carea' id='block_1_6' title="bbox 301 2223 1338 2407">
    <p class='ocr_par' dir='ltr' id='par_1_7' title="bbox 301 2223 1338 2407">
     <span class='ocr_line' id='line_1_19' title="bbox 381 2223 1334 2306; baseline -0.004 -16"><span class='ocrx_word' id='word_1_139' title='bbox 381 2229 556 2290; x_wconf 83' lang='lat' dir='ltr'>Anastasius</span> <span class='ocrx_word' id='word_1_140' title='bbox 573 2225 815 2288; x_wconf 86' lang='lat' dir='ltr'>bibliothecarius</span> <span class='ocrx_word' id='word_1_141' title='bbox 834 2226 1033 2306; x_wconf 91' lang='lat' dir='ltr'>compluribus</span> <span class='ocrx_word' id='word_1_142' title='bbox 1056 2227 1142 2288; x_wconf 81' lang='lat' dir='ltr'>earnis</span> <span class='ocrx_word' id='word_1_143' title='bbox 1154 2231 1222 2306; x_wconf 92' lang='lat' dir='ltr'>post</span> <span class='ocrx_word' id='word_1_144' title='bbox 1236 2224 1277 2288; x_wconf 89' lang='lat' dir='ltr'>ita</span> <span class='ocrx_word' id='word_1_145' title='bbox 1294 2223 1334 2288; x_wconf 88' lang='lat' dir='ltr'>de</span> 
     </span>
     <span class='ocr_line' id='line_1_20' title="bbox 301 2325 1338 2407; baseline -0.002 -18"><span class='ocrx_word' id='word_1_146' title='bbox 301 2329 482 2407; x_wconf 80' lang='lat' dir='ltr'>Eripeuiana</span> <span class='ocrx_word' id='word_1_147' title='bbox 510 2327 711 2407; x_wconf 79' lang='lat' dir='ltr'>Areopagitae</span> <span class='ocrx_word' id='word_1_148' title='bbox 739 2326 879 2387; x_wconf 85' lang='lat' dir='ltr'>versione</span> <span class='ocrx_word' id='word_1_149' title='bbox 905 2325 943 2388; x_wconf 92' lang='lat' dir='ltr'>ad</span> <span class='ocrx_word' id='word_1_150' title='bbox 965 2325 1100 2386; x_wconf 89' lang='lat' dir='ltr'>Carolum</span> <span class='ocrx_word' id='word_1_151' title='bbox 1123 2325 1237 2400; x_wconf 89' lang='lat' dir='ltr'>calvum</span> <span class='ocrx_word' id='word_1_152' title='bbox 1257 2325 1338 2387; x_wconf 89' lang='lat' dir='ltr'>scri-</span> 
     </span>
    </p>
   </div>
   <div class='ocr_carea' id='block_1_7' title="bbox 301 2424 1447 2511">
    <p class='ocr_par' dir='ltr' id='par_1_8' title="bbox 301 2424 1447 2511">
     <span class='ocr_line' id='line_1_21' title="bbox 301 2424 1447 2511; baseline -0.001 -23"><span class='ocrx_word' id='word_1_153' title='bbox 301 2427 433 2508; x_wconf 80' lang='lat' dir='ltr'>psit²⁷):</span> <span class='ocrx_word' id='word_1_154' title='bbox 472 2425 657 2504; x_wconf 88' lang='lat' dir='ltr'>„blirandum</span> <span class='ocrx_word' id='word_1_155' title='bbox 681 2441 799 2505; x_wconf 87' lang='lat' dir='ltr'>quoque</span> <span class='ocrx_word' id='word_1_156' title='bbox 819 2431 881 2504; x_wconf 91' lang='lat' dir='ltr'>est,</span> <span class='ocrx_word' id='word_1_157' title='bbox 914 2424 1062 2504; x_wconf 88' lang='lat' dir='ltr'>quomodo</span> <span class='ocrx_word' id='word_1_158' title='bbox 1084 2424 1134 2486; x_wconf 91' lang='lat' dir='ltr'>ille</span> <span class='ocrx_word' id='word_1_159' title='bbox 1157 2426 1204 2487; x_wconf 88' lang='lat' dir='ltr'>vir</span> <span class='ocrx_word' id='word_1_160' title='bbox 1223 2424 1338 2487; x_wconf 83' lang='lat' dir='ltr'>barba·</span> <span class='ocrx_word' id='word_1_161' title='bbox 1444 2505 1447 2511; x_wconf 20' lang='lat'><strong>¹</strong></span> 
     </span>
    </p>
   </div>
   <div class='ocr_carea' id='block_1_8' title="bbox 299 2524 1340 3706">
    <p class='ocr_par' dir='ltr' id='par_1_9' title="bbox 299 2524 1340 3706">
     <span class='ocr_line' id='line_1_22' title="bbox 306 2524 1338 2607; baseline 0.001 -20"><span class='ocrx_word' id='word_1_162' title='bbox 306 2543 357 2589; x_wconf 92' lang='lat' dir='ltr'>rus</span> <span class='ocrx_word' id='word_1_163' title='bbox 379 2571 534 2587; x_wconf 93' lang='grc'><strong>......</strong></span> <span class='ocrx_word' id='word_1_164' title='bbox 555 2524 625 2587; x_wconf 90' lang='lat' dir='ltr'>talia</span> <span class='ocrx_word' id='word_1_165' title='bbox 652 2524 804 2586; x_wconf 87' lang='lat' dir='ltr'>intellectu</span> <span class='ocrx_word' id='word_1_166' title='bbox 834 2541 943 2604; x_wconf 89' lang='lat' dir='ltr'>capere</span> <span class='ocrx_word' id='word_1_167' title='bbox 972 2526 1002 2586; x_wconf 92' lang='lat' dir='ltr'>in</span> <span class='ocrx_word' id='word_1_168' title='bbox 1032 2524 1177 2604; x_wconf 89' lang='lat' dir='ltr'>aliamque</span> <span class='ocrx_word' id='word_1_169' title='bbox 1205 2525 1338 2607; x_wconf 78' lang='lat' dir='ltr'>linguam</span> 
     </span>
     <span class='ocr_line' id='line_1_23' title="bbox 307 2623 1340 2705; baseline -0.001 -17"><span class='ocrx_word' id='word_1_170' title='bbox 307 2626 471 2688; x_wconf 84' lang='lat' dir='ltr'>transferre</span> <span class='ocrx_word' id='word_1_171' title='bbox 493 2625 627 2688; x_wconf 84' lang='lat' dir='ltr'>valuerit.</span> <span class='ocrx_word' id='word_1_172' title='bbox 649 2668 658 2687; x_wconf 91' lang='lat'>.</span> <span class='ocrx_word' id='word_1_173' title='bbox 677 2669 685 2688; x_wconf 92' lang='lat'>.</span> <span class='ocrx_word' id='word_1_174' title='bbox 706 2661 747 2673; x_wconf 90' lang='lat'><em>-</em></span> <span class='ocrx_word' id='word_1_175' title='bbox 777 2623 836 2687; x_wconf 88' lang='lat' dir='ltr'>Sed</span> <span class='ocrx_word' id='word_1_176' title='bbox 857 2624 916 2684; x_wconf 90' lang='lat' dir='ltr'>hoc</span> <span class='ocrx_word' id='word_1_177' title='bbox 936 2631 1075 2705; x_wconf 87' lang='lat' dir='ltr'>operatus</span> <span class='ocrx_word' id='word_1_178' title='bbox 1094 2631 1141 2686; x_wconf 92' lang='lat' dir='ltr'>est</span> <span class='ocrx_word' id='word_1_179' title='bbox 1161 2625 1210 2686; x_wconf 94' lang='lat' dir='ltr'>ille</span> <span class='ocrx_word' id='word_1_180' title='bbox 1231 2623 1340 2688; x_wconf 79' lang='lat' dir='ltr'>artifex</span> 
     </span>
     <span class='ocr_line' id='line_1_24' title="bbox 306 2724 1339 2807; baseline 0.001 -20"><span class='ocrx_word' id='word_1_181' title='bbox 306 2727 462 2806; x_wconf 88' lang='lat' dir='ltr'>spriritus,</span> <span class='ocrx_word' id='word_1_182' title='bbox 498 2727 547 2807; x_wconf 88' lang='lat' dir='ltr'>qui</span> <span class='ocrx_word' id='word_1_183' title='bbox 577 2724 655 2788; x_wconf 91' lang='lat' dir='ltr'>bunc</span> <span class='ocrx_word' id='word_1_184' title='bbox 688 2724 839 2786; x_wconf 80' lang='lat' dir='ltr'>ardentem</span> <span class='ocrx_word' id='word_1_185' title='bbox 867 2726 979 2804; x_wconf 91' lang='lat' dir='ltr'>pariter</span> <span class='ocrx_word' id='word_1_186' title='bbox 1008 2724 1226 2804; x_wconf 82' lang='lat' dir='ltr'>alloquentem</span> <span class='ocrx_word' id='word_1_187' title='bbox 1248 2725 1339 2802; x_wconf 89' lang='lat' dir='ltr'>fecil;</span> 
     </span>
     <span class='ocr_line' id='line_1_25' title="bbox 305 2825 1340 2908; baseline -0.001 -20"><span class='ocrx_word' id='word_1_188' title='bbox 305 2827 362 2888; x_wconf 92' lang='lat' dir='ltr'>uisi</span> <span class='ocrx_word' id='word_1_189' title='bbox 385 2828 463 2888; x_wconf 89' lang='lat' dir='ltr'>enim</span> <span class='ocrx_word' id='word_1_190' title='bbox 486 2845 524 2888; x_wconf 88' lang='lat' dir='ltr'>ex</span> <span class='ocrx_word' id='word_1_191' title='bbox 547 2827 642 2908; x_wconf 84' lang='lat' dir='ltr'>gratia</span> <span class='ocrx_word' id='word_1_192' title='bbox 664 2826 755 2906; x_wconf 91' lang='lat' dir='ltr'>ipsius</span> <span class='ocrx_word' id='word_1_193' title='bbox 776 2826 847 2907; x_wconf 85' lang='lat' dir='ltr'>igne</span> <span class='ocrx_word' id='word_1_194' title='bbox 869 2825 1000 2887; x_wconf 88' lang='lat' dir='ltr'>caritatis</span> <span class='ocrx_word' id='word_1_195' title='bbox 1021 2827 1188 2906; x_wconf 77' lang='lat' dir='ltr'>flagrasset,</span> <span class='ocrx_word' id='word_1_196' title='bbox 1220 2841 1340 2904; x_wconf 87' lang='lat' dir='ltr'>nequa·-</span> 
     </span>
     <span class='ocr_line' id='line_1_26' title="bbox 303 2925 1335 3010; baseline -0.002 -22"><span class='ocrx_word' id='word_1_197' title='bbox 303 2945 390 3007; x_wconf 81' lang='lat' dir='ltr'>puam</span> <span class='ocrx_word' id='word_1_198' title='bbox 408 2927 516 2989; x_wconf 90' lang='lat' dir='ltr'>donum</span> <span class='ocrx_word' id='word_1_199' title='bbox 529 2927 640 3010; x_wconf 85' lang='lat' dir='ltr'>linguis</span> <span class='ocrx_word' id='word_1_200' title='bbox 653 2926 795 3008; x_wconf 87' lang='lat' dir='ltr'>loquendi</span> <span class='ocrx_word' id='word_1_201' title='bbox 807 2926 910 3007; x_wconf 92' lang='lat' dir='ltr'>procul</span> <span class='ocrx_word' id='word_1_202' title='bbox 927 2925 1017 2988; x_wconf 91' lang='lat' dir='ltr'>dubio</span> <span class='ocrx_word' id='word_1_203' title='bbox 1037 2927 1228 3005; x_wconf 86' lang='lat' dir='ltr'>suscepisset.</span> <span class='ocrx_word' id='word_1_204' title='bbox 1241 2959 1335 2988; x_wconf 89' lang='lat'>...-</span> 
     </span>
     <span class='ocr_line' id='line_1_27' title="bbox 304 3025 1337 3108; baseline -0.004 -18"><span class='ocrx_word' id='word_1_205' title='bbox 304 3029 375 3090; x_wconf 84' lang='lat' dir='ltr'>Cum</span> <span class='ocrx_word' id='word_1_206' title='bbox 400 3034 480 3090; x_wconf 89' lang='lat' dir='ltr'>esset</span> <span class='ocrx_word' id='word_1_207' title='bbox 501 3027 618 3090; x_wconf 89' lang='lat' dir='ltr'>bumilis</span> <span class='ocrx_word' id='word_1_208' title='bbox 639 3027 751 3108; x_wconf 88' lang='lat' dir='ltr'>spiritu,</span> <span class='ocrx_word' id='word_1_209' title='bbox 785 3044 846 3088; x_wconf 91' lang='lat' dir='ltr'>non</span> <span class='ocrx_word' id='word_1_210' title='bbox 867 3027 1072 3107; x_wconf 86' lang='lat' dir='ltr'>praesumpsit,</span> <span class='ocrx_word' id='word_1_211' title='bbox 1093 3026 1177 3087; x_wconf 87' lang='lat' dir='ltr'>verbi</span> <span class='ocrx_word' id='word_1_212' title='bbox 1197 3025 1337 3105; x_wconf 83' lang='lat' dir='ltr'>proprie-</span> 
     </span>
     <span class='ocr_line' id='line_1_28' title="bbox 299 3126 1333 3202; baseline -0.003 -13"><span class='ocrx_word' id='word_1_213' title='bbox 299 3127 392 3189; x_wconf 83' lang='lat' dir='ltr'>tatem</span> <span class='ocrx_word' id='word_1_214' title='bbox 415 3127 566 3189; x_wconf 89' lang='lat' dir='ltr'>deserere.</span> <span class='ocrx_word' id='word_1_215' title='bbox 591 3172 600 3188; x_wconf 98' lang='lat'>.</span> <span class='ocrx_word' id='word_1_216' title='bbox 624 3172 632 3191; x_wconf 89' lang='lat'>.</span> <span class='ocrx_word' id='word_1_217' title='bbox 656 3159 697 3176; x_wconf 88' lang='lat'>-</span> <span class='ocrx_word' id='word_1_218' title='bbox 721 3126 806 3189; x_wconf 88' lang='lat' dir='ltr'>Unde</span> <span class='ocrx_word' id='word_1_219' title='bbox 838 3127 1031 3202; x_wconf 87' lang='lat' dir='ltr'>factumest,</span> <span class='ocrx_word' id='word_1_220' title='bbox 1055 3131 1086 3186; x_wconf 93' lang='lat' dir='ltr'>ut</span> <span class='ocrx_word' id='word_1_221' title='bbox 1107 3130 1218 3186; x_wconf 92' lang='lat' dir='ltr'>tantum</span> <span class='ocrx_word' id='word_1_222' title='bbox 1239 3126 1333 3186; x_wconf 81' lang='lat' dir='ltr'>vimm</span> 
     </span>
     <span class='ocr_line' id='line_1_29' title="bbox 304 3222 1334 3314; baseline -0.009 -20"><span class='ocrx_word' id='word_1_223' title='bbox 304 3227 491 3306; x_wconf 78' lang='lat' dir='ltr'>(Dionysium</span> <span class='ocrx_word' id='word_1_224' title='bbox 502 3227 726 3314; x_wconf 68' lang='lat' dir='ltr'>areopagitam)</span> <span class='ocrx_word' id='word_1_225' title='bbox 752 3226 826 3288; x_wconf 89' lang='lat' dir='ltr'>intra</span> <span class='ocrx_word' id='word_1_226' title='bbox 852 3226 1001 3286; x_wconf 86' lang='lat' dir='ltr'>cuiusdam</span> <span class='ocrx_word' id='word_1_227' title='bbox 1014 3222 1182 3303; x_wconf 76' lang='lat' dir='ltr'>labyrinthi</span> <span class='ocrx_word' id='word_1_228' title='bbox 1204 3222 1334 3285; x_wconf 83' lang='lat' dir='ltr'>difficilia</span> 
     </span>
     <span class='ocr_line' id='line_1_30' title="bbox 303 3322 1334 3406; baseline -0.003 -18"><span class='ocrx_word' id='word_1_229' title='bbox 303 3328 450 3403; x_wconf 89' lang='lat' dir='ltr'>irretiret,</span> <span class='ocrx_word' id='word_1_230' title='bbox 480 3333 511 3387; x_wconf 89' lang='lat' dir='ltr'>et</span> <span class='ocrx_word' id='word_1_231' title='bbox 536 3326 565 3387; x_wconf 90' lang='lat' dir='ltr'>in</span> <span class='ocrx_word' id='word_1_232' title='bbox 587 3327 679 3388; x_wconf 89' lang='lat' dir='ltr'>antris</span> <span class='ocrx_word' id='word_1_233' title='bbox 699 3325 941 3406; x_wconf 84' lang='lat' dir='ltr'>profundioribus</span> <span class='ocrx_word' id='word_1_234' title='bbox 962 3322 1185 3385; x_wconf 86' lang='lat' dir='ltr'>invisibiliorem</span> <span class='ocrx_word' id='word_1_235' title='bbox 1206 3323 1334 3402; x_wconf 88' lang='lat' dir='ltr'>quodam</span> 
     </span>
     <span class='ocr_line' id='line_1_31' title="bbox 303 3423 1335 3504; baseline -0.002 -16"><span class='ocrx_word' id='word_1_236' title='bbox 303 3425 393 3488; x_wconf 90' lang='lat' dir='ltr'>modo</span> <span class='ocrx_word' id='word_1_237' title='bbox 417 3426 588 3501; x_wconf 85' lang='lat' dir='ltr'>collocaret,</span> <span class='ocrx_word' id='word_1_238' title='bbox 608 3432 639 3486; x_wconf 90' lang='lat' dir='ltr'>ct</span> <span class='ocrx_word' id='word_1_239' title='bbox 657 3443 742 3504; x_wconf 85' lang='lat' dir='ltr'>quem</span> <span class='ocrx_word' id='word_1_240' title='bbox 758 3427 1015 3504; x_wconf 89' lang='lat' dir='ltr'>interpretaturum</span> <span class='ocrx_word' id='word_1_241' title='bbox 1031 3430 1214 3504; x_wconf 87' lang='lat' dir='ltr'>susceperat,</span> <span class='ocrx_word' id='word_1_242' title='bbox 1236 3423 1335 3486; x_wconf 85' lang='lat' dir='ltr'>adbuc</span> 
     </span>
     <span class='ocr_line' id='line_1_32' title="bbox 303 3523 1333 3605; baseline -0.003 -17"><span class='ocrx_word' id='word_1_243' title='bbox 303 3525 443 3588; x_wconf 81' lang='lat' dir='ltr'>redieret</span> <span class='ocrx_word' id='word_1_244' title='bbox 465 3525 799 3603; x_wconf 79' lang='lat' dir='ltr'>interpretandum.“—</span> <span class='ocrx_word' id='word_1_245' title='bbox 828 3525 941 3587; x_wconf 83' lang='lat' dir='ltr'>Eodem</span> <span class='ocrx_word' id='word_1_246' title='bbox 973 3525 1060 3605; x_wconf 87' lang='lat' dir='ltr'>plane</span> <span class='ocrx_word' id='word_1_247' title='bbox 1089 3523 1180 3586; x_wconf 86' lang='lat' dir='ltr'>morlo</span> <span class='ocrx_word' id='word_1_248' title='bbox 1210 3523 1248 3585; x_wconf 90' lang='lat' dir='ltr'>de</span> <span class='ocrx_word' id='word_1_249' title='bbox 1284 3524 1333 3585; x_wconf 89' lang='lat' dir='ltr'>illa</span> 
     </span>
     <span class='ocr_line' id='line_1_33' title="bbox 304 3623 1332 3706; baseline -0.002 -20"><span class='ocrx_word' id='word_1_250' title='bbox 304 3627 444 3688; x_wconf 87' lang='lat' dir='ltr'>versione</span> <span class='ocrx_word' id='word_1_251' title='bbox 481 3625 630 3706; x_wconf 88' lang='lat' dir='ltr'>Erigonae</span> <span class='ocrx_word' id='word_1_252' title='bbox 672 3625 784 3688; x_wconf 90' lang='lat' dir='ltr'>iudicat</span> <span class='ocrx_word' id='word_1_253' title='bbox 833 3625 1003 3689; x_wconf 90' lang='lat' dir='ltr'>Guilielmus</span> <span class='ocrx_word' id='word_1_254' title='bbox 1053 3623 1332 3702; x_wconf 83' lang='lat' dir='ltr'>blalmcsburiensis,</span> 
     </span>
    </p>
   </div>
   <div class='ocr_carea' id='block_1_9' title="bbox 302 3787 563 3809">
    <p class='ocr_par' dir='ltr' id='par_1_10' title="bbox 302 3787 563 3809">
     <span class='ocr_line' id='line_1_34' title="bbox 302 3787 563 3809; baseline 0 0"><span class='ocrx_word' id='word_1_255' title='bbox 302 3787 563 3809; x_wconf 34' lang='lat'>5—-</span> 
     </span>
    </p>
   </div>
   <div class='ocr_carea' id='block_1_10' title="bbox 335 3871 1031 4120">
    <p class='ocr_par' dir='ltr' id='par_1_11' title="bbox 335 3871 1031 4120">
     <span class='ocr_line' id='line_1_35' title="bbox 337 3871 1031 3943; baseline -0.003 -16"><span class='ocrx_word' id='word_1_256' title='bbox 337 3877 383 3942; x_wconf 73' lang='lat'>25)</span> <span class='ocrx_word' id='word_1_257' title='bbox 406 3875 437 3924; x_wconf 84' lang='lat' dir='ltr'>ef.</span> <span class='ocrx_word' id='word_1_258' title='bbox 458 3871 668 3928; x_wconf 82' lang='lat' dir='ltr'>Steruleumaier.</span> <span class='ocrx_word' id='word_1_259' title='bbox 688 3876 705 3925; x_wconf 92' lang='lat' dir='ltr'>l.</span> <span class='ocrx_word' id='word_1_260' title='bbox 719 3877 736 3926; x_wconf 93' lang='lat' dir='ltr'>l.</span> <span class='ocrx_word' id='word_1_261' title='bbox 755 3893 780 3943; x_wconf 89' lang='lat' dir='ltr'>p.</span> <span class='ocrx_word' id='word_1_262' title='bbox 801 3873 860 3938; x_wconf 80' lang='lat'>166,</span> <span class='ocrx_word' id='word_1_263' title='bbox 880 3883 934 3926; x_wconf 90' lang='lat' dir='ltr'>not.</span> <span class='ocrx_word' id='word_1_264' title='bbox 956 3876 978 3925; x_wconf 89' lang='lat'>1.</span> <span class='ocrx_word' id='word_1_265' title='bbox 997 3905 1031 3915; x_wconf 96' lang='lat'>-</span> 
     </span>
     <span class='ocr_line' id='line_1_36' title="bbox 337 3959 911 4032; baseline 0.002 -20"><span class='ocrx_word' id='word_1_266' title='bbox 337 3961 383 4030; x_wconf 79' lang='lat'>26)</span> <span class='ocrx_word' id='word_1_267' title='bbox 402 3963 435 4012; x_wconf 91' lang='lat' dir='ltr'>cf.</span> <span class='ocrx_word' id='word_1_268' title='bbox 457 3959 667 4016; x_wconf 80' lang='lat' dir='ltr'>Staudeumaier.</span> <span class='ocrx_word' id='word_1_269' title='bbox 688 3979 714 4031; x_wconf 87' lang='lat' dir='ltr'>p.</span> <span class='ocrx_word' id='word_1_270' title='bbox 737 3963 786 4015; x_wconf 81' lang='lat' dir='ltr'>toti</span> <span class='ocrx_word' id='word_1_271' title='bbox 804 3979 858 4032; x_wconf 85' lang='lat' dir='ltr'>seq.</span> <span class='ocrx_word' id='word_1_272' title='bbox 880 3993 911 4002; x_wconf 89' lang='lat'>—</span> 
     </span>
     <span class='ocr_line' id='line_1_37' title="bbox 335 4049 911 4120; baseline 0.003 -20"><span class='ocrx_word' id='word_1_273' title='bbox 335 4050 383 4116; x_wconf 80' lang='lat'>27)</span> <span class='ocrx_word' id='word_1_274' title='bbox 400 4051 486 4100; x_wconf 76' lang='lat' dir='ltr'>Uener.</span> <span class='ocrx_word' id='word_1_275' title='bbox 507 4065 549 4116; x_wconf 87' lang='lat' dir='ltr'>ep·</span> <span class='ocrx_word' id='word_1_276' title='bbox 568 4049 624 4101; x_wconf 87' lang='lat' dir='ltr'>bib.</span> <span class='ocrx_word' id='word_1_277' title='bbox 644 4052 737 4119; x_wconf 81' lang='lat' dir='ltr'>spllog.</span> <span class='ocrx_word' id='word_1_278' title='bbox 757 4069 782 4120; x_wconf 87' lang='lat' dir='ltr'>p.</span> <span class='ocrx_word' id='word_1_279' title='bbox 803 4049 837 4102; x_wconf 79' lang='lat' dir='ltr'>ts</span> <span class='ocrx_word' id='word_1_280' title='bbox 856 4067 911 4119; x_wconf 88' lang='lat' dir='ltr'>seq.</span> 
     </span>
    </p>
   </div>
   <div class='ocr_carea' id='block_1_11' title="bbox 0 0 1474 4716">
    <p class='ocr_par' dir='ltr' id='par_1_12' title="bbox 0 0 1474 4716">
     <span class='ocr_line' id='line_1_38' title="bbox 0 0 1474 4716; baseline 0 1"><span class='ocrx_word' id='word_1_281' title='bbox 0 0 1474 4716; x_wconf 95' lang='lat' dir='ltr'> </span> 
     </span>
    </p>
   </div>
  </div>
 </body>
</html>
