2940 4710
742 263 805 340 atie

228 431 388 496 nobiscum
405 427 542 518 lrabitet,
558 429 671 505 tuaque
689 429 881 508 praesentia,
900 428 927 489 si
946 429 1012 492 deri
1026 437 1141 512 potest,
1158 432 1319 516 laetemur,

232 542 285 620 spui
299 539 382 601 beati
400 535 499 630 l’atris
516 531 574 595 rid.
594 532 732 595 absentia
756 533 947 599 tristamur.”
982 539 1132 611 (liucbes.
1149 541 1187 603 ll.
1202 542 1264 606 831
1282 542 1320 606 ad

227 657 291 714 not.
306 649 344 727 1,
363 667 397 730 ll·
409 643 480 715 85·)

312 757 379 836 Ep.
395 747 448 814 ei.
484 745 625 810 Libellus
651 745 774 827 repudii
798 747 944 813 Gerberti
970 748 1133 833 Arnulpbo
1158 754 1321 838 Arcbiepl-

226 881 333 944 scopo.
363 859 425 922 Diu
443 850 634 934 multumque
649 847 729 917 milri
743 857 774 918 in
788 859 889 918 animo
905 855 1068 940 replicanti
1083 857 1236 923 Infelicem
1254 867 1318 924 sta·

223 979 291 1034 tum
306 971 432 1028 nostrae
451 961 558 1039 urbis,
579 977 636 1021 neo
659 963 772 1024 exitam
793 962 942 1025 malorum
965 967 1031 1027 sine
1048 969 1151 1047 strage
1167 968 1319 1030 bonorum

224 1072 411 1159 reperienti,
432 1066 605 1128 eatandem
624 1071 776 1130 sententia
789 1068 923 1153 placuit,
946 1089 1023 1151 quae
1047 1075 1079 1133 et
1102 1075 1319 1153 praesentibus

225 1183 399 1246 mederetur
428 1171 650 1253 incommodis,
684 1181 717 1236 et
744 1177 776 1237 ln
808 1176 945 1238 laturum
972 1185 1169 1260 praecaveret
1198 1181 1316 1244 amicis.
1441 1195 1444 1202 ·

222 1291 434 1352 Permutamus
449 1281 554 1358 itaque
571 1277 668 1342 solum
683 1279 771 1360 solo,
793 1280 962 1344 dominium
976 1281 1131 1363 dominio,
1151 1291 1316 1366 vestraque

222 1391 370 1457 beneficia
393 1385 577 1467 emancipati
597 1387 686 1449 robis
708 1389 885 1470 nosstriqae
901 1385 1031 1450 aemulis
1047 1386 1087 1449 ad
1102 1389 1250 1452 invidiam
1265 1411 1316 1454 re-

222 1497 410 1577 linquimus,
430 1511 469 1553 ne
489 1491 649 1554 fidelitatis
671 1495 843 1574 promissae
866 1495 941 1557 irinc
962 1513 1145 1574 arguamur,
1165 1495 1238 1558 inde
1263 1515 1316 1578 ge-

221 1625 294 1668 nero
316 1600 519 1664 amicitiarum
537 1597 576 1660 ad
594 1604 737 1681 patruum
754 1607 891 1664 vestrum
909 1600 1133 1682 quodammodo
1150 1621 1184 1664 se
1199 1603 1315 1666 baben-

81 1737 85 1746 ·
219 1716 296 1774 tium
312 1706 564 1790 perstringamur.
593 1706 681 1768 Nihil
696 1708 778 1770 enirn
793 1705 885 1771 alteri
901 1708 1030 1771 debetur
1043 1729 1090 1787 eo,
1106 1712 1312 1790 quesivimus

219 1823 323 1904 paeto,
338 1813 398 1878 ilde
413 1814 446 1874 in
462 1815 588 1875 aiteram
605 1819 723 1895 partem
737 1820 906 1895 praetenta.
927 1817 1005 1878 Nam
1019 1817 1047 1879 sl
1061 1835 1115 1880 vos
1131 1814 1232 1878 salvos
1243 1836 1312 1878 esse

217 1925 383 1999 soleamus,
407 1939 466 2000 qaro
482 1919 572 1981 modo
586 1924 698 2000 patruo
713 1926 816 1981 vestro
832 1924 1039 2002 praesumusl
1073 1923 1149 1984 ltem
1167 1925 1312 2007 sipatruo

217 2041 319 2096 restro
344 2045 545 2112 praesumus,
571 2023 721 2104 paromodo
749 2044 804 2087 vos
833 2028 1018 2092 essesalvos
1033 2028 1199 2092 solumus‘l
1223 2029 1313 2091 Hanc

218 2139 306 2204 litem
320 2139 367 2200 sie
384 2133 576 2209 dirimimus,
597 2130 637 2192 ad
659 2132 737 2193 alius
761 2130 976 2213 demigrand03
997 2155 1054 2198 nee
1077 2137 1165 2198 vobis
1187 2135 1312 2198 necilli

217 2249 380 2329 parioquam
405 2247 530 2322 praeter
542 2238 785 2300 benevolentiam
799 2238 965 2305 debeamus
980 2243 1155 2324 gratuitam.
1190 2241 1268 2304 Eam
1285 2244 1312 2306 sl

217 2349 458 2435 amplectimini,
480 2344 608 2421 dumos,
630 2367 706 2426 paras
721 2348 848 2429 proprio
866 2345 991 2428 labore,
1014 2348 1120 2412 multis
1135 2351 1312 2432 sumptibus

215 2455 500 2529 exaedificavimus,
521 2452 598 2512 mibi
624 2455 763 2532 meisque
789 2472 858 2513 cum
877 2473 932 2514 sua
947 2452 1133 2536 supellectili
1147 2455 1339 2517 resonate*
1455 2459 1456 2486 ι

215 2563 374 2626 Ecclessia
395 2577 535 2638 parsque,
558 2575 634 2636 paras
658 2557 848 2621 solemnibus
871 2579 907 2620 ac
927 2558 1077 2640 legitimis
1092 2560 1311 2624 donationibus

211 2671 300 2752 jaasia
322 2685 436 2729 morem
454 2664 633 2726 Provinciae
659 2666 818 2728 consecuti
843 2685 967 2745 sumus,
988 2663 1084 2729 nullis
1106 2667 1311 2751 praejudiciis

216 2775 325 2854 attingi
342 2789 483 2849 oramus,
505 2768 542 2832 de
558 2768 677 2852 reliquo
695 2790 756 2832 nou
773 2768 903 2834 multum
923 2769 1126 2855 deprecaturi.
1148 2773 1217 2836 llos
1231 2775 1312 2836 lacto

213 2902 262 2943 me
282 2879 355 2942 olim
369 2878 466 2941 libera
485 2873 563 2938 colla
579 2882 736 2956 gerentem
751 2876 790 2938 ad
807 2878 955 2957 obsequia
969 2885 1070 2941 vestra
1087 2879 1216 2942 honeste
1230 2881 1311 2941 inri-

213 2989 331 3050 tabitls.
360 2987 426 3049 Nee
453 2981 578 3046 dubium
596 2985 672 3064 erit,
696 2985 725 3046 si
744 2984 806 3046 boc
818 2985 967 3045 terminos
987 2984 1311 3066 praetergrediemini,

212 3095 286 3172 quin
302 3094 422 3169 omnia,
441 3109 519 3171 quae
532 3090 766 3172 possidebamus
785 3093 820 3150 ut
836 3109 854 3150 a
870 3089 976 3152 multis
994 3091 1186 3172 accepimus,
1203 3111 1310 3154 acmu-

211 3197 252 3260 lia
273 3199 390 3276 nostris
404 3205 596 3258 sacramento
615 3197 832 3278 contuleritis,
852 3204 928 3258 tune
945 3217 1015 3257 cum
1028 3196 1197 3258 secundum
1214 3199 1309 3260 affec-

210 3310 276 3366 tum
292 3310 429 3367 vestrum
454 3305 634 3366 acutissima
660 3327 717 3388 pro
742 3305 831 3366 vobis
854 3283 1041 3364 dictaremus
1064 3302 1209 3366 consilia.
1244 3305 1311 3366 Nec

213 3411 452 3494 proeteritorum
474 3409 622 3472 malorum
639 3412 809 3494 poterimus
826 3407 986 3483 oblivisci,
1009 3426 1078 3468 cum
1094 3410 1313 3491 praesentibus

213 3517 454 3576 ammoneblmur
463 3515 622 3596 judiciis.’'
641 3516 800 3589 (boemii.
819 3511 881 3578 833
897 3513 935 3574 ad
951 3514 1030 3586 not.)

296 3623 363 3703 Ep·
378 3619 430 3684 26.
459 3621 615 3684 Proiessio
631 3623 703 3685 iidei
716 3623 862 3684 (letberti
878 3619 1044 3682 Remorum
1059 3620 1310 3706 Arcbiepiscopi.

214 3729 300 3808 „Ego
320 3727 490 3789 Gerbertus
517 3729 619 3808 gratia
642 3729 698 3790 Dei
715 3729 930 3811 praeveniente
949 3745 1019 3788 mox
1035 3727 1159 3789 latomus
1178 3728 1312 3791 rtrcbie·

210 3836 357 3916 piscopus
374 3832 558 3911 Remorum,
580 3842 650 3898 ante
666 3833 853 3896 omniafldei
871 3832 1053 3894 documenta
1067 3833 1170 3894 verbis
1186 3833 1311 3917 simpli·

104 3943 111 3956 “
210 3943 298 4003 eibras
315 3959 440 4019 assero,
459 3938 492 4002 id
518 3945 583 4018 est,
604 3940 725 4003 Patrem
748 3939 913 4003 etlilium
939 3947 971 4002 et
992 3937 1144 4022 Spiritum
1164 3945 1313 4003 sanctum

209 4067 302 4125 arnum
321 4048 419 4108 Deum
446 4065 515 4109 esse
541 4050 707 4125 confirmo,
736 4053 893 4126 totamque
923 4049 955 4109 in
981 4045 1134 4108 Trinltate
1160 4043 1313 4108 deitatem

211 4151 446 4219 coessentialem
456 4159 487 4217 et
496 4151 790 4218 consubstantialem
803 4158 834 4216 et
844 4152 1065 4219 coaeternalem
1075 4151 1313 4234 etomnipoten-
