2938 4716
299 367 342 431 88

300 549 543 647 prehendantur,
576 545 744 610 efficiantur
779 547 1043 628 „concordique,“
1069 553 1101 610 ut
1128 549 1169 610 ito
1194 549 1340 626 dicamus,

300 669 393 732 „paee
420 651 576 732 ligentur!
630 649 704 712 Sunt
733 648 812 710 enim
845 646 923 729 apud
956 648 1078 712 Scotum
1110 647 1202 711 hoec:
1232 649 1340 728 „Fides

300 749 449 814 catholico
485 767 522 812 uc
551 765 625 810 vero
654 751 732 812 ratio
766 748 884 826 latetur,
917 747 1005 810 deum
1039 765 1108 810 case
1131 749 1287 829 inlinitum,
1309 757 1340 814 et

298 851 379 933 plus,
416 867 503 931 quam
529 846 672 912 inlinitum
702 848 855 924 (inlicitas
884 848 965 910 enim
990 847 1169 912 inlicitorum
1204 857 1286 929 est),
1309 857 1341 916 et

298 951 485 1031 simplicem,
507 956 537 1012 et
558 951 635 1030 plus,
656 967 742 1030 quam
765 948 929 1030 simplicem
950 950 1097 1024 (omnium
1117 950 1198 1012 enim
1222 950 1341 1032 simpli-

299 1053 376 1116 cium
409 1049 581 1132 simplicitas
613 1057 681 1132 est).
732 1049 770 1114 Et
805 1067 872 1113 cum
903 1050 969 1132 ipso
989 1050 1062 1113 nihil
1083 1069 1152 1114 esse
1172 1051 1270 1115 credit
1289 1051 1342 1116 vel

297 1152 611 1234 intelligi13quonicm
635 1153 699 1232 ipse
720 1158 767 1216 est
789 1151 915 1215 ambitus
936 1152 1082 1231 omnium,
1105 1158 1283 1234 quaesunt,
1308 1159 1340 1216 et

296 1271 374 1336 quae
397 1269 458 1315 noo
489 1259 576 1332 sunt,
610 1259 641 1316 et
672 1269 750 1334 quae
782 1269 854 1316 esse
874 1259 1010 1336 possunt,
1032 1259 1063 1315 et
1085 1271 1162 1336 quae
1184 1271 1253 1317 esse
1274 1271 1339 1318 non

295 1359 432 1436 possunt,
456 1359 488 1415 ct
525 1369 602 1434 quae
635 1354 664 1418 ei
693 1355 844 1418 contraria
867 1371 921 1419 seu
941 1357 1077 1436 opposita
1096 1354 1236 1418 videntur
1258 1368 1341 1432 esse,

295 1462 327 1520 ut
348 1471 409 1516 non
433 1454 531 1519 dicam
550 1455 657 1518 similia
680 1461 711 1518 et
733 1455 897 1518 dissimilia.
939 1453 993 1520 Est
1012 1457 1078 1536 ipse
1099 1454 1237 1518 similium
1251 1455 1340 1518 siml-

295 1555 388 1618 lrtudo
411 1559 441 1618 et
463 1555 648 1620 dissimilium
671 1555 877 1619 dissimilitudo
901 1557 1166 1638 oppositurumque
1188 1557 1339 1638 oppositio

297 1663 328 1719 et
346 1659 563 1720 contrariorum
588 1659 797 1720 contrarietas.
848 1657 931 1720 llaec
954 1657 1032 1720 enim
1054 1656 1177 1738 pulchra
1197 1655 1340 1720 ineffabi-

296 1759 375 1839 lique
397 1757 552 1821 harmonie
574 1760 606 1822 in
627 1777 684 1822 una
707 1759 871 1838 concordia
895 1758 1007 1840 colligit
1027 1766 1115 1840 atquo
1131 1759 1284 1840 componit
1294 1761 1336 1838 ⁹).

297 1858 337 1940 (l,
356 1857 424 1938 74.)
447 1897 485 1912 -
509 1859 625 1924 Deinde
659 1859 698 1922 ad
729 1860 808 1922 hano
837 1860 932 1942 ipsam
965 1859 1063 1944 illius,
1095 1877 1182 1940 quam
1205 1857 1338 1941 Erigena

295 1960 406 2037 statuit,
429 1957 551 2023 divinae
575 1959 887 2042 superessentialitatis
917 1959 1143 2041 explicationem
1166 1957 1197 2020 id
1217 1977 1337 2040 quoquc

296 2061 435 2140 pertinet,
463 2058 543 2139 quod
575 2061 695 2140 saepius
727 2058 764 2140 (l,
791 2059 822 2139 3,
848 2059 937 2135 73.);
970 2057 1062 2139 „Esse
1096 2057 1263 2148 omnium,“
1284 2059 1336 2136 ait,

296 2167 359 2242 „est
377 2177 538 2242 superesse
562 2159 753 2224 divinitatis.“

377 2261 475 2342 Atque
507 2267 629 2342 propter
664 2261 710 2323 rei
744 2257 976 2342 magnitudinem
998 2258 1076 2322 hunc
1098 2275 1215 2340 quoque
1235 2257 1336 2321 locum

297 2361 493 2425 adiiciamus:
515 2361 625 2440 „Nemo
651 2367 708 2438 cst,
730 2361 861 2441 quinon
884 2362 1024 2424 continuo
1038 2357 1193 2438 exclamet,
1213 2375 1335 2422 oausam

296 2463 386 2524 totius
421 2461 624 2524 universitatis
652 2463 827 2523 creatricem
850 2459 1105 2542 supernaturalem
1139 2477 1209 2524 esse
1229 2465 1259 2522 et
1280 2477 1336 2522 su-

295 2561 542 2642 peressentialem
580 2567 611 2622 et
643 2578 733 2642 supra
766 2561 884 2640 omnia,
918 2578 995 2642 quoe
1017 2563 1099 2626 omni
1119 2579 1210 2624 sensu
1233 2559 1338 2641 perci-

294 2664 424 2744 pluntur,
447 2660 516 2722 dum
535 2663 575 2724 sit
594 2660 700 2723 horum
724 2662 854 2724 omnium
874 2661 1049 2744 principium
1074 2661 1194 2726 causele
1216 2668 1245 2724 et
1265 2679 1335 2724 me-

297 2761 376 2824 dium
408 2761 534 2841 implens
569 2761 730 2824 essentiale
762 2769 793 2824 et
822 2762 889 2825 linis
922 2779 1131 2825 consummans
1154 2799 1195 2812 -
1216 2770 1247 2825 et
1269 2781 1336 2825 am.

295 2861 374 2926 bitus
397 2862 516 2941 omnia,
547 2877 624 2943 quoe
656 2869 771 2926 suntet
790 2880 867 2944 quae
888 2880 949 2925 non
969 2871 1037 2927 sunt
1057 2863 1336 2928 circumscribens.l

296 2959 361 3042 (ιιι,
383 2968 439 3040 a).

762 3102 792 3172 c.
819 3095 867 3159 19.

379 3209 461 3271 Deus
482 3209 572 3291 igitur
592 3209 680 3274 hicce
707 3212 967 3292 superessentialis
987 3213 1027 3276 ita
1048 3213 1134 3295 quusi
1153 3229 1241 3295 supra
1265 3231 1335 3276 om-

297 3310 358 3386 nia,
379 3327 456 3390 quae
477 3318 564 3388 sunt,
597 3330 674 3393 quae
695 3315 881 3395 cogitantur,
909 3333 985 3398 quae
1008 3316 1114 3378 mentis
1136 3317 1232 3378 aciem
1256 3315 1335 3378 ellu-

295 3410 390 3492 giuot,
410 3416 456 3472 est
478 3413 672 3493 constitutus,
693 3420 724 3476 ut
748 3431 783 3477 ea
805 3421 930 3494 cuncte,
962 3422 1101 3496 tunquam
1131 3417 1334 3480 universitatis

295 3509 446 3592 quoddam
466 3528 576 3593 eorpus
604 3531 660 3578 suu
679 3516 812 3580 essentia
836 3515 1070 3598 complectatur,
1090 3551 1132 3568 -
1151 3535 1207 3584 sua
1226 3535 1334 3582 essen-

352 3817 383 3889 9)
402 3819 512 3888 Optimo
531 3820 611 3888 igitur
637 3822 694 3874 iure
714 3821 749 3874 de
763 3819 843 3874 Scuto
868 3823 968 3878 dietum
990 3831 1112 3894 putamur
1131 3821 1199 3875 illud
1217 3819 1333 3874 scotus-

397 3905 447 3957 leri
468 3909 508 3976 (p.
528 3905 628 3978 lllll‚):
659 3909 775 3962 «Doctus
793 3911 923 3979 Hegelins
941 3911 1098 3976 dialectico,
1123 3921 1154 3964 ut
1182 3910 1234 3962 lroc
1251 3910 1333 3962 aerbo

401 4001 515 4058 utamur,
546 3995 677 4048 mouismo
707 4013 755 4050 suo
784 4001 936 4071 (perquam)
963 3999 1110 4054 multifarie
1128 3999 1258 4070 Erigonae
1276 4015 1334 4052 rue·

394 4080 495 4134 moriae
513 4085 613 4135 ellerta
629 4111 663 4124 -
