2944 4714
626 231 702 295 Μ

204 422 317 490 eus·
330 419 520 506 procedente
532 439 634 506 parvo
647 432 789 507 ternpus
802 441 868 492 noa
882 425 1045 494 iuncone
1059 427 1137 494 tanti
1147 423 1211 494 be-'

12 551 13 594 ,
121 513 224 578 aelicli
240 531 258 575 a
274 509 340 576 lieo
355 518 388 576 et
402 511 435 575 Β.
450 509 582 576 Hartiuo
598 511 673 578 mibi
689 514 803 588 collati,
824 513 862 578 ad
884 514 1004 580 laudern
1020 515 1078 580 Dei
1100 523 1133 580 at
1150 533 1211 581 cn-

12 639 14 676 ,
120 601 238 666 satoris
261 599 323 662 atei
342 600 375 663 in
398 597 524 664 civitate
538 599 703 666 leodiemi
724 603 757 665 io
781 601 885 668 Monte
899 601 1025 667 Publica
1047 602 1211 670 ecclesiam

120 686 259 764 lunari,
275 686 448 763 mnstmxi,
463 684 503 748 de
517 690 646 770 proprio
662 688 769 767 ditavi,
790 697 822 753 et
836 689 1071 772 opulentissima
1086 689 1210 772 douvir

123 776 157 839 iu
172 791 229 858 qna
245 773 372 856 triginta
387 774 556 839 mnouioos
570 774 725 854 ordinavi,
740 793 809 840 cuna
825 779 1034 842 servientibus
1049 785 1081 842 et
1096 796 1212 859 perso-

12 901 13 936 2
123 863 181 939 nis,
196 868 229 925 et
242 861 413 926 secundnm
429 860 620 926 Turonensis
636 865 788 942 ecciesiae,
805 865 836 929 in
851 863 986 948 legando
1002 873 1034 930 et
1048 867 1213 946 mutando,

120 957 153 1014 et
166 947 237 1013 aliia
253 947 473 1014 ccdeaiastiois
489 951 627 1015 moribus
642 952 820 1016 instructos.
855 954 942 1019 Sicut
956 959 1108 1036 quotquot
1122 955 1213 1018 annia

12 1081 13 1108 .
120 1053 359 1114 wnsneveraur,
382 1053 451 1100 cunr
468 1038 560 1101 multa
576 1037 745 1105 devotione
761 1039 917 1104 Turonum
933 1042 1063 1119 scaeui,
1087 1047 1120 1105 et
1133 1043 1214 1106 sicut

12 1167 13 1176 1
120 1125 224 1209 gratia
238 1123 295 1188 llei
311 1131 470 1205 proauus
485 1125 632 1203 leoemm,
657 1126 803 1191 tratribus
828 1129 906 1192 nnsis
925 1129 1119 1192 manifestum
1145 1128 1214 1193 iieaa‘

122 1211 211 1289 duxi,
233 1217 266 1274 et
284 1211 356 1278 donn
372 1213 404 1276 in
420 1211 548 1292 quadani
565 1221 657 1279 nocte
679 1215 833 1279 dominico
853 1223 1084 1296 pernoctarem,
1109 1222 1141 1279 et
1156 1217 1214 1280 Dei

12 1341 13 1378 ,
124 1297 315 1364 clementiam
338 1300 527 1379 invocarem,
550 1301 660 1366 iterum
684 1303 718 1366 Β.
733 1301 883 1366 blartinns
907 1321 974 1367 coro
998 1303 1031 1367 Β.
1046 1303 1161 1368 brictio
1183 1309 1215 1368 et

12 1441 13 1464 ,
124 1385 290 1452 Eustochio
306 1385 381 1450 milri
398 1386 567 1453 invisione
587 1390 729 1471 apparuit
752 1389 875 1453 dicens:
906 1389 965 1454 Dic
979 1390 1137 1454 Fratribus
1153 1391 1214 1456 tois

12 1517 13 1528 l
124 1481 158 1538 at
173 1474 361 1550 Canonicos,
379 1491 458 1555 quos
474 1475 512 1539 ad
527 1476 727 1540 serviendum
743 1477 809 1542 Deo
826 1484 858 1541 et
873 1477 948 1541 mibi
964 1477 1114 1544 ordinasti
1128 1478 1215 1543 Leo-

12 1603 14 1638 r
121 1561 179 1640 dii,
202 1562 260 1626 sub
276 1562 336 1643 pte
351 1560 568 1626 conductionis
583 1564 691 1638 forma,
710 1564 782 1642 jura
798 1565 928 1647 perenni
945 1566 978 1630 in
993 1583 1079 1630 marn
1095 1565 1216 1647 accipi-

123 1657 176 1712 ant
197 1648 438 1726 fraternitatem,
471 1656 504 1714 et
527 1669 634 1716 onnes
657 1669 858 1717 successores
885 1658 956 1716 tnoa
979 1654 1011 1717 in
1034 1653 1216 1735 episcopata

12 1783 13 1814 ,
124 1737 302 1814 Rodiensi,
317 1737 456 1817 mystice
470 1737 670 1803 fraternitatis
685 1739 807 1803 becalt
822 1741 868 1802 eis
884 1739 993 1816 lornra,
1015 1757 1083 1814 curn
1099 1749 1216 1820 potue·

12 1869 14 1878 ‚
125 1824 191 1888 rint
212 1831 245 1887 et
266 1830 386 1906 tenpus
410 1841 582 1906 congruum
606 1829 756 1905 assuerit,
777 1845 812 1891 se
835 1833 940 1892 rnutuo
966 1828 1156 1906 visitabunt,
1182 1828 1215 1892 in

125 1909 224 1976 cboro
238 1911 360 1976 atallmn
376 1911 542 1989 habebunt,
559 1921 590 1977 et
605 1915 815 1996 quotidianum
831 1915 986 1995 recipient
1008 1914 1216 1996 stipendium

125 1999 209 2081 qnod
225 1999 437 2073 devotissime,
460 2001 655 2066 sanctissime
671 2010 703 2065 et
717 2000 883 2066 celebriter
898 2003 1010 2065 lactum
1026 2009 1082 2079 est,
1109 2009 1141 2064 et
1156 2002 1216 2066 de-

125 2089 207 2150 ciano
222 2103 304 2152 anno
320 2087 513 2151 reversionis
529 2087 563 2152 Β.
578 2089 701 2152 blartini
718 2090 905 2153 authoritate
920 2090 978 2153 [tei
994 2091 1216 2172 omnipotentis

125 2175 316 2240 celebratum
331 2182 364 2239 et
378 2173 602 2253 conlirmatnrn,
618 2184 649 2240 et
663 2178 721 2240 snb
737 2177 931 2241 anathemate
946 2178 1155 2257 interdictum,
1176 2197 1217 2242 ne

126 2263 196 2346 quis
211 2261 375 2344 negligere
391 2260 440 2324 vel
457 2261 575 2328 violare
590 2272 755 2345 praeauroat
770 2265 852 2347 quod
868 2265 1039 2330 authoritas
1055 2265 1170 2342 divina,
1186 2273 1219 2331 et

125 2351 159 2416 Β.
174 2350 298 2414 blartini
312 2349 457 2414 voluntas
474 2351 605 2414 institnit
620 2359 652 2414 et
666 2353 857 2418 corroborat.
894 2351 1010 2417 Preter
1035 2351 1102 2418 beo
1125 2353 1217 2418 addi-

126 2443 190 2501 tnnr
207 2444 255 2502 est
269 2445 421 2520 quatenus
436 2440 561 2503 nomina
576 2439 713 2504 Fratrum
735 2439 950 2505 detunctorum
965 2440 1145 2504 alterutrum
1161 2459 1217 2505 re·

126 2525 285 2590 tenentur
299 2543 368 2589 cnm
384 2523 591 2603 solemnitate,
607 2527 647 2591 ob
663 2528 907 2612 redemptionem
922 2536 1131 2614 peccatorum,
1147 2546 1217 2596 cunr

124 2611 288 2694 pulsabilis
302 2613 408 2678 divina
424 2613 667 2680 celebrarentur.

139 2819 358 2875 andattoa
376 2821 426 2875 de
442 2817 587 2888 t’enltae
604 2821 813 2964 {egestate
830 2825 879 2880 de
897 2823 1153 2880 'atat-laeti·
1174 2815 1200 2880 ὗ

637 2913 648 2962 Ι
674 2925 734 2976 ⁸⁰.

211 3049 247 3118 ln
263 3052 389 3120 nonaine
404 3061 518 3122 sancte
533 3062 564 3119 et
586 3054 755 3122 individue
769 3054 938 3122 lrirritatis.
970 3055 1120 3124 Omnibus
1142 3057 1216 3122 nbi-

124 3159 190 3226 qus
210 3141 279 3208 Deo
306 3142 506 3208 militantibus
523 3141 639 3210 lratres
661 3144 855 3212 brusellenses
880 3161 1002 3228 pacem,
1029 3145 1218 3212 salutemet

122 3228 284 3312 podium.
316 3226 430 3295 Omnes
452 3248 530 3311 qnos
546 3239 675 3298 vereret
697 3232 821 3298 illibate
844 3235 980 3298 caritatis
1003 3233 1217 3316 complectitur

123 3316 284 3382 vinculum
300 3316 360 3382 boc
375 3319 533 3400 proprium
550 3318 665 3384 babere
680 3321 862 3401 decernunt,
885 3329 919 3386 ut
941 3323 968 3386 si
979 3332 982 3342 ¹
994 3323 1063 3404 quis
1079 3321 1168 3386 alteri
1185 3322 1217 3386 in

123 3405 318 3490 quibuslibet
332 3405 594 3488 oportunitatibus
609 3407 770 3491 prodesse,
794 3417 846 3473 aut
860 3409 975 3491 aliquid
998 3408 1138 3475 utilitatis
1154 3410 1216 3472 irn-

123 3493 237 3576 pertiri
259 3495 393 3575 poterit,
418 3494 575 3560 caritatem
605 3497 753 3561 sectando
778 3496 855 3560 illud
882 3497 1021 3562 studiose
1047 3513 1217 3580 procurare

123 3579 305 3648 concludat.
350 3580 545 3665 Quapropter
560 3584 685 3648 noverit
710 3587 846 3650 otnninrn
872 3582 1005 3648 bdelium
1029 3589 1144 3648 sancto
1159 3583 1217 3648 Dei

122 3667 277 3734 Ecclesiae
298 3676 357 3732 taor
380 3672 579 3752 presentium
601 3687 692 3753 qnam
713 3671 884 3736 intuorurn
912 3671 1063 3735 industria
1086 3671 1218 3753 qualiter

123 3756 319 3821 reambilis
340 3757 391 3820 vir
405 3759 550 3822 dominius
564 3767 672 3824 noster
687 3759 879 3838 Everaclius,
902 3767 1017 3823 sanctas
1031 3757 1216 3824 Leodiensls

125 3843 271 3908 ecclesiae
281 3843 464 3928 Episcopus,
480 3845 643 3911 ecclesiam
658 3845 717 3912 sibi
729 3848 921 3912 commissam
934 3845 1063 3911 dilatare
1076 3847 1215 3930 cupiens,

124 3931 281 4015 quoddam
298 3934 518 3996 nonasterium
534 3942 623 3998 antra
638 3935 793 3998 civitatem
809 3936 857 3997 sui
872 3935 1057 4018 supradicte
1077 3935 1160 4000 sedis
1184 3937 1216 3998 in

123 4017 250 4085 bonore
264 4022 361 4084 sanai
374 4021 496 4084 ldartini
512 4021 655 4100 institnit,
671 4022 883 4087 nbicanonicia
898 4023 956 4087 sub
972 4022 1079 4106 regula
1095 4021 1216 4087 consti·
1273 4025 1277 4036 '

126 4107 214 4186 tatia,
233 4112 300 4172 tuto
316 4107 385 4172 nian
400 4115 432 4174 et
447 4109 609 4174 conamine
635 4117 777 4194 satagere
793 4111 898 4193 coepit,
923 4111 1056 4194 qualiter
1075 4112 1142 4176 taus
1157 4105 1216 4172 Dei

959 4287 998 4352 18
