2938 4716
268 331 288 393 8

266 509 382 591 plenius
413 508 451 571 de
479 509 537 573 bae
565 509 738 592 regiuncula
760 509 921 574 docebunt.
964 513 1093 598 Quorum
1127 513 1177 576 bic
1212 521 1304 592 uolat,

265 611 359 672 fnisse
379 617 491 691 partem
516 611 694 672 dioeceseos
716 611 956 686 ltenevcnctsss)
979 658 987 674 .
1009 659 1046 674 ..
1072 612 1163 676 Huius
1184 632 1303 696 quoque

165 763 168 770 .
264 710 468 792 provinciolae
490 713 622 772 meminit
653 712 729 772 liber
759 711 947 792 Domesday‚
985 713 1014 773 iu
1046 731 1105 793 quo
1139 716 1184 776 sie
1215 715 1301 796 lege:

263 811 374 890 „‚,llae
398 813 628 874 consuetudines
652 819 736 875 erant
758 812 950 876 wallensium
972 813 1004 874 T.
1025 813 1058 876 R.
1075 815 1108 876 E.
1132 815 1162 875 iu
1181 815 1301 877 Arche-

263 911 384 989 neleldl‚
408 915 427 973 i.
451 931 477 974 e.
500 912 678 992 Ergeue.““
703 947 742 956 —

221 1083 227 1090 ι
346 1012 429 1084 (tuac
460 1027 526 1072 cum
550 1012 589 1071 ita
608 1013 687 1089 sint,
720 1011 797 1073 banc
818 1009 856 1071 de
877 1012 961 1073 Senti
981 1011 1075 1092 patria
1098 1012 1300 1073 coniecturam

261 1111 372 1172 nemini
392 1128 452 1171 uun
475 1109 646 1190 placituram
678 1129 747 1174 esse
780 1112 964 1173 arbitramur.
1020 1112 1112 1174 Nobis
1145 1118 1227 1173 ccrte
1260 1111 1327 1188 ita,

260 1209 381 1285 arridet,
405 1217 446 1286 ut,
470 1212 519 1289 qui
540 1217 697 1288 praeterea
718 1210 802 1286 nibil,
824 1211 904 1290 quod
926 1211 1046 1292 propius
1068 1210 1107 1272 ad
1129 1211 1192 1272 veri
1212 1211 1299 1272 simi-

257 1309 411 1370 litudinem
431 1310 566 1388 accedat,
587 1328 704 1376 ,eruere
729 1329 818 1391 posse
839 1310 1002 1387 videamur,
1035 1311 1095 1372 boc
1117 1308 1186 1372 locu
1208 1311 1237 1372 iu
1260 1326 1297 1375 en

259 1409 509 1488 acquiescendum
529 1417 672 1490 putemus.
714 1410 807 1492 ldque
827 1427 865 1472 eo
887 1409 1025 1473 libentius
1049 1410 1185 1486 lauimus,
1209 1427 1297 1490 quum

257 1509 347 1570 etiam
368 1511 472 1572 virum.
485 1509 686 1573 doctissimum
709 1513 760 1574 Dr.
784 1511 815 1572 0.
846 1511 876 1572 F.
907 1510 1068 1586 lluekium,
1099 1512 1183 1572 cuius
1216 1510 1296 1572 iudi-

258 1611 335 1671 cium
358 1611 445 1672 uobis
468 1611 583 1690 plurimi
613 1630 682 1674 esse
716 1613 822 1690 debet,
857 1610 914 1674 bac
942 1611 973 1673 iu
1003 1612 1150 1673 sententia
1180 1612 1295 1672 versari

257 1708 475 1787 videamna²⁴).

337 1811 457 1890 Restat,
481 1816 512 1872 ut
534 1811 591 1871 iam
616 1807 653 1870 de
675 1817 829 1890 tempore,
862 1809 1016 1873 videamus
1044 1829 1103 1891 quo
1135 1817 1222 1873 natus
1254 1810 1293 1872 all

255 1909 395 1974 loannes.
448 1912 511 1974 Etsi
542 1911 631 1991 igitur
661 1928 699 1972 ue
730 1910 787 1973 bae
814 1911 932 1992 quidem
974 1911 1012 1972 de
1044 1929 1078 1973 re
1111 1912 1188 1991 apud
1232 1929 1291 1974 nn-

255 2011 355 2092 liquos
375 2019 513 2074 auctores
539 2013 660 2073 disertis
689 2011 789 2082 verbis
823 2013 981 2092 quidquam
1009 2014 1206 2093 perscriptum
1240 2013 1289 2092 sit,

253 2113 440 2192 reperiuntur
472 2119 570 2174 tamen
604 2111 733 2190 indicia,
767 2106 806 2174 ex
837 2115 943 2193 quibus
969 2115 1074 2175 saltem
1095 2113 1206 2194 aliquid
1221 2113 1291 2176 eol-

252 2211 304 2291 ligi
325 2219 423 2292 queat.
467 2211 590 2273 Constat
621 2213 699 2274 euim
730 2213 951 2291 quedammodo
983 2213 1021 2276 de
1052 2220 1205 2294 tempore,
1236 2229 1292 2294 per

251 2311 332 2390 quud
354 2310 509 2373 doetrinae
531 2311 619 2374 laude
642 2313 821 2392 conspicuus
844 2313 906 2374 luit.

215 2446 220 2468 t
332 2400 405 2473 Nam
422 2428 526 2472 versus
546 2412 657 2490 aliquot
676 2411 714 2474 ab
735 2413 799 2492 ipso
822 2411 980 2475 conlectos
998 2411 1141 2474 babemus
1154 2416 1208 2490 26),
1229 2411 1289 2495 qui,

251 2529 317 2573 cum
340 2509 460 2574 loannis
483 2511 565 2589 lllll,
586 2513 695 2574 Summi
716 2513 841 2589 Pontii,
871 2513 1051 2574 mentionem
1075 2499 1199 2591 l'auiant,¹
1228 2529 1289 2574 non

251 2618 320 2674 aule
341 2613 427 2674 finem
449 2614 517 2674 anui
541 2607 754 2674 ncccnxxtt.
775 2632 802 2694 p.
828 2611 895 2674 Chr.
917 2619 976 2675 nat
995 2613 1103 2693 scripti
1123 2619 1208 2690 suul;
1231 2629 1289 2675 nce

249 2719 348 2774 lemen
370 2719 574 2794 praeterquam
601 2711 680 2793 quud
710 2715 768 2776 iam
797 2715 917 2776 circiter
932 2731 1039 2776 annum
1061 2713 1286 2792 nccctxxv,

250 2820 282 2875 ut
320 2830 385 2875 eum
417 2813 513 2892 aliqua
547 2820 629 2875 certe
655 2813 911 2876 verisimilitudine
929 2833 968 2876 ex
988 2813 1113 2895 epistola
1135 2814 1287 2876 Anastasii

250 2911 488 2992 bibliothecarii,
531 2911 568 2974 de
603 2913 716 2976 loanne
761 2922 866 2978 nestro
909 2915 947 2976 ad
990 2913 1127 2978 Carnium
1166 2911 1287 2976 Calvum

249 3101 611 3116 W

281 3217 328 3285 23)
350 3219 395 3270 Eat
413 3219 494 3285 igitur
516 3217 643 3280 sortasse,
666 3224 694 3267 ut
714 3217 768 3266 veri
786 3214 889 3285 aliquid
906 3216 990 3267 latent
1006 3217 1033 3266 ln
1054 3231 1104 3276 eo,
1130 3215 1203 3284 quod
1232 3217 1284 3267 Bu·

349 3305 423 3356 laeus
455 3303 530 3373 (bist,
556 3304 632 3356 Univ.
646 3302 738 3355 'Parin
759 3311 823 3356 lom.
842 3305 863 3362 l,
883 3319 908 3371 p.
928 3301 991 3371 609)
1009 3310 1036 3353 ct
1055 3301 1144 3356 Wood
1162 3301 1237 3372 (bist.
1257 3310 1285 3354 et

349 3392 435 3460 antiq.
453 3392 551 3442 Oxeuii
572 3409 597 3460 p.
619 3393 662 3462 15)
684 3390 838 3442 auctoribus
860 3388 939 3440 baleo
962 3395 990 3440 et
1008 3390 1094 3441 Pitreo
1116 3388 1185 3440 illud
1203 3389 1283 3459 oppi-

345 3479 420 3540 dum,
438 3479 480 3530 cui
500 3495 597 3530 nemen
618 3479 643 3530 S.
666 3479 788 3530 Menenia
809 3479 863 3528 eive
888 3475 989 3528 Fanum
1015 3476 1140 3538 Danielis,
1174 3474 1284 3528 loannis

347 3567 434 3617 locum
452 3565 533 3617 natal.
549 3567 629 3616 luisse
644 3573 747 3635 putant.
775 3566 854 3615 llirce
867 3565 937 3615 enim
951 3563 1111 3625 auctoribus,
1124 3562 1158 3614 de
1168 3565 1189 3614 Ι.
1203 3565 1282 3616 Scuto

344 3653 448 3722 Erigen.
469 3653 654 3714 referentibus,
672 3669 764 3723 parum
783 3651 846 3702 fidet
867 3649 959 3702 baberi
979 3667 1066 3721 ponae,
1083 3649 1152 3702 intra
1170 3651 1239 3720 (cap.
1248 3649 1283 3720 V)

344 3741 524 3791 ostendemus.
544 3767 576 3780 ‹-

280 3842 326 3911 tt)
348 3843 389 3894 ct.
409 3845 465 3895 einr
485 3841 518 3894 de
537 3844 557 3893 l.
577 3843 618 3893 Sc.
644 3841 711 3909 Erlg.
736 3838 972 3909 scriptiunculam,
997 3855 1067 3910 qunn
1097 3839 1228 3908 reperitur
1255 3840 1283 3892 ln

352 3929 486 4000 ephemer.
507 3931 638 3981 bonnena.
659 3928 786 3980 lancicula
806 3924 890 3979 xvno
919 3941 945 3994 p.
963 3925 1077 3980 :ta-57.

281 4033 329 4100 25)
348 4032 382 4085 cl'.
403 4035 467 4085 leta
485 4033 604 4086 Sanctor.
627 4031 683 4086 ord.
706 4033 732 4085 S.
757 4029 901 4084 Benedicti.
922 4032 981 4084 l‘nra
1000 4033 1033 4097 ll,
1058 4045 1082 4101 p.
1102 4029 1162 4082 512.
