2940 4710
702 235 766 302 231

181 378 397 466 degradationi
424 393 661 466 consenuerant,
688 381 921 450 aSacerslotaii
950 383 1068 448 honore
1101 385 1285 470 suspendit,

179 493 327 572 misitque
353 491 489 554 Leonem
513 493 665 556 Abbatem
699 511 718 554 a
743 489 816 553 sede
843 487 1026 575 Apostolica
1053 488 1092 552 ael
1117 491 1285 572 seguinum

128 653 138 670 ,
179 597 337 660 Senonum
360 596 656 681 Archiepiseopum,
696 598 749 678 qui
775 598 843 660 vice
868 616 925 660 sun
949 595 1056 661 Remis
1083 604 1285 680 congregaret

178 701 363 766 Concilium.
407 701 546 766 Colleeto
575 705 669 786 igitur
693 703 826 766 concilio
851 722 888 764 ex
912 702 1057 783 jussione
1088 701 1284 785 Apostolioa,

177 807 359 892 praedictus
383 809 581 892 rirnulphus,
607 811 675 891 jam
695 809 822 880 tertium
844 827 957 871 annum
974 827 1067 890 agens
1086 811 1118 872 in
1137 809 1283 890 vinculis,

177 921 342 980 revocatur
359 913 397 977 ele
420 912 581 994 custodia,
610 921 642 977 et
658 934 728 976 cum
749 913 868 976 honore
884 915 1048 995 reponitur
1063 915 1096 976 in
1116 913 1191 978 ceole
1206 935 1281 998 pro-

176 1022 258 1104 pria.
301 1021 466 1083 (iirhertus
488 1039 562 1082 vero
586 1019 772 1102 intelligens,
798 1021 881 1100 quod
901 1020 1105 1084 Pontificatus
1129 1019 1281 1082 honorem

176 1133 344 1208 usurparet
356 1127 490 1209 injuste,
516 1127 710 1208 poentientia
729 1125 860 1207 (luctus,
884 1127 1048 1210 judicabat
1063 1145 1098 1188 se
1118 1123 1280 1204 indignum

114 1234 116 1243 '
178 1229 235 1292 tali
259 1229 388 1294 honore.
430 1229 669 1294 Altercationem
696 1239 797 1295 autem
824 1232 962 1294 Girhertl
986 1237 1017 1293 et
1038 1221 1154 1294 Leonis
1186 1228 1282 1292 Missi

179 1334 355 1418 Apostolici
371 1337 400 1398 si
417 1337 486 1416 quis
502 1334 679 1418 diligentius
693 1337 883 1420 inquisierit,
903 1339 935 1398 in
952 1337 1058 1400 (lestis
1073 1335 1280 1398 Romanorum

176 1440 361 1504 Pontificum
377 1438 499 1524 plenius
517 1442 656 1508 invenire
670 1446 798 1528 poterit.
808 1445 879 1510 ‚l’er
890 1443 973 1507 idem
989 1449 1112 1526 tempus
1128 1439 1279 1504 electione

177 1546 311 1609 Othonis
335 1547 533 1631 imperatoris
558 1555 591 1612 et
616 1548 834 1613 acclamatione
862 1549 972 1633 populi
996 1549 1077 1611 lolem
1110 1548 1277 1611 (liebertus

175 1655 316 1734 suscepit
337 1655 560 1738 Episcopatum
583 1656 747 1720 Ravennae
769 1657 867 1718 urhis.
896 1657 964 1734 Quo
984 1674 1042 1738 per
1057 1653 1163 1739 plures
1177 1672 1274 1718 annos

173 1757 289 1821 ibidem
316 1761 492 1841 residente,
528 1761 669 1827 Romano
692 1763 775 1846 Papa
799 1761 965 1841 defuncto,
1002 1757 1161 1845 apopulo
1188 1759 1275 1822 urbis

172 1862 290 1926 Romae
315 1864 504 1931 acclamatur
526 1870 587 1932 sibi
606 1867 675 1931 (luri
697 1868 848 1932 Pontiier.
886 1868 947 1947 Qui
964 1872 1143 1951 assumptus
1158 1867 1196 1930 oe
1212 1865 1276 1928 lia-

173 1986 290 2048 venna,
320 1979 520 2036 consecratur
535 1971 737 2058 Apoctolicns
753 1975 786 2036 in
804 1975 879 2036 urbe
897 1976 1045 2038 liomnnn.

259 2076 311 2141 11.
333 2079 386 2142 ux
410 2081 615 2145 Chronico
636 2079 924 2145 Aurelineensi
951 2073 1277 2151 ,annominabit

172 2179 264 2244 Anni.
285 2181 340 2245 i'ol.
361 2205 393 2270 p.
412 2185 504 2261 150).
527 2186 720 2251 lialmundus
744 2187 944 2250 caturcensis
969 2184 1085 2250 nobilis
1109 2207 1147 2250 ex
1173 2184 1276 2250 cestro

173 2285 272 2350 Saura
293 2289 425 2367 (vaura)
451 2295 630 2372 nominato,
656 2294 761 2357 Abbas
777 2292 922 2374 eligitur,
954 2292 1006 2372 qui
1023 2298 1112 2356 curat
1128 2291 1272 2356 erudien-

172 2391 246 2455 dum
267 2396 468 2479 Gerhertum,
489 2399 717 2463 adolescentem
732 2401 866 2462 obscuro
884 2397 954 2463 loco
970 2405 1098 2472 rotoma
1130 2399 1187 2462 sed
1203 2399 1276 2480 quin

173 2499 296 2578 ingenio
318 2508 386 2564 erat
400 2526 490 2586 acor,
519 2505 697 2589 praeclarus
718 2506 751 2567 in
767 2505 868 2568 literis
892 2507 1000 2569 erasit.
1022 2505 1083 2566 llio
1106 2505 1274 2586 impetrata

174 2601 302 2669 licentia
319 2615 449 2692 propter
470 2609 648 2673 aviditatem
672 2611 841 2693 sapientiae
859 2609 957 2673 multo
980 2610 1162 2671 circumibat
1180 2627 1275 2690 regna

172 2714 206 2772 et
231 2710 271 2773 ad
293 2714 437 2777 notitiam
459 2713 659 2798 Imperatoris
681 2718 839 2798 pervenit,
869 2717 1008 2796 quicum
1030 2714 1137 2777 Remis
1164 2715 1276 2778 statuit

171 2813 382 2904 Episcopum,
414 2821 523 2884 deinde
541 2821 723 2902 Ravennae,
743 2825 854 2904 postea
871 2823 903 2884 in
924 2841 1078 2884 summum
1095 2822 1275 2883 l'ontiiicem

173 2927 284 2988 evexit.
325 2928 387 2992 llic
410 2925 506 2992 maulia
531 2928 611 2991 hona
637 2927 770 2992 contulit
791 2929 948 2993 Coenohlo
978 2935 1011 2990 et
1034 2929 1121 2992 misit
1146 2946 1274 2989 monera

170 3025 345 3096 Raimuuh
362 3035 473 3114 saian,
495 3033 639 3099 videlicet
653 3034 751 3099 llhros
769 3035 1048 3100 Grammaticorum
1059 3040 1092 3096 et
1101 3034 1270 3116 expositio-

174 3155 231 3200 nes
247 3139 279 3201 in
296 3141 519 3224 Hieronymum
537 3149 569 3203 et
581 3143 787 3207 Ambrosium.

261 3246 312 3310 12.
335 3249 519 3314 orderic.
540 3245 695 3311 Vitalis
720 3241 1273 3326 (†11t1)cur0n.(uouquetx.

174 3343 255 3425 2³5)
282 3351 451 3418 alannum
468 3350 549 3422 987:
573 3355 744 3419 Gerhertns
755 3356 787 3418 in
805 3353 916 3420 (lirinis
929 3360 961 3416 et
977 3351 1168 3416 secularibus
1182 3347 1274 3412 libris

174 3455 403 3525 eruditissimus
423 3464 484 3525 init
503 3468 536 3524 et
551 3463 584 3524 in
603 3479 661 3524 sno
677 3458 786 3524 schola
806 3458 939 3522 iamosos
957 3465 989 3522 et
1011 3456 1159 3523 sublimes
1179 3453 1274 3518 ‹lisci-

83 3542 90 3573 '
174 3559 269 3642 pulos
294 3565 413 3632 habuit
458 3570 643 3631 liothasium
675 3566 798 3631 scilicet
826 3565 961 3648 Regem,
997 3571 1029 3628 et
1053 3563 1273 3630 leothericum

175 3667 386 3738 Senonensem
414 3676 692 3758 Archiepiscopum
716 3680 776 3736 etc.
798 3680 847 3736 etc
850 3713 998 3738 ......
1041 3673 1110 3734 llos
1134 3667 1274 3748 aliosque

173 3771 281 3856 plures
297 3778 468 3844 (letbertus
482 3781 635 3861 erudivit,
656 3801 786 3863 quorum
801 3777 962 3863 multiplex
975 3778 1117 3861 sequenti
1133 3783 1274 3858 tempore

173 3883 304 3945 scientia
314 3883 463 3950 ecclesiae
472 3889 530 3950 Dei
540 3888 706 3970 plurimum
717 3887 844 3971 profuit
867 3889 927 3966 Qui
938 3895 1103 3971 postquam
1113 3882 1149 3946 (ie
1160 3882 1273 3945 throno
1317 3925 1321 3934 ·

53 4015 57 4024 ·
170 3984 329 4070 Remeusi,
350 4012 442 4073 quem
455 3992 565 4057 illicite
581 3999 793 4077 usurpaverat,
815 3994 975 4078 depositus
992 4000 1051 4072 est,
1070 4009 1142 4054 cunr
1156 3989 1270 4051 rubore

168 4099 201 4157 et
219 4093 430 4180 indignatione
455 4097 589 4166 Galliam
609 4098 785 4183 reliquens,
812 4100 851 4166 ai
875 4101 1031 4166 Othonem
1051 4097 1272 4182 imperatorem
