2944 4714
622 247 705 304 lleX

590 323 744 350 ...Γ-

114 435 254 502 ceutiato
270 439 394 518 pastore
410 430 440 498 S.
458 430 593 511 thoma,
608 440 641 496 et
654 433 684 499 S.
699 432 914 500 Bartholomai
930 433 1090 500 canonico.
1132 433 1203 500 An.

116 523 204 588 draea
229 523 354 586 hienrici
370 521 461 584 etiam
477 521 508 586 S.
524 519 702 602 Theologiae
718 521 885 600 licentiato,
901 529 932 586 ct
946 524 1092 606 magistro
1107 523 1205 588 blico-

117 612 170 676 lac
187 611 356 694 lleppeuue
371 625 475 692 parve
491 626 605 672 mensae
621 608 652 672 in
668 607 805 673 Ecclesia
821 617 925 672 nostra
937 609 1109 675 cathedrali
1120 611 1204 674 Lec-

117 699 222 764 dicnsi
237 697 406 774 canonicc;
428 695 567 759 Testibus
589 695 627 758 ud
652 697 808 776 praernissa
823 697 978 762 adhibitis.
1019 698 1052 762 ln
1075 717 1205 780 quorum

118 787 256 850 omnium
273 792 306 847 et
318 783 513 867 singulorum
527 782 629 857 iidem,
650 784 759 861 robur,
781 791 813 848 ct
833 785 1040 849 testimonium
1062 803 1204 865 praecu-

118 881 164 938 tes
182 891 240 954 per
255 873 405 935 vicarium
420 877 558 934 nostrum
574 871 752 954 generalem
767 871 956 953 suprafatum
971 873 1134 947 subscribi,
1150 867 1204 952 lsi-

115 959 261 1044 gillcque
276 965 384 1023 nostro
399 957 508 1040 majori
525 959 706 1023 communiri
721 959 942 1024 mandavimus.
978 961 1088 1026 Datum
1108 961 1141 1024 in
1156 961 1205 1024 ci-

116 1051 216 1111 vitate
238 1054 345 1112 nostra
358 1045 525 1111 leodiensi
548 1065 628 1110 anno
653 1065 671 1109 a
692 1048 851 1110 nativitate
874 1047 991 1112 domini
1017 1049 1116 1112 nostri
1130 1050 1205 1114 lesu

117 1135 237 1198 Christi
259 1133 423 1198 millesimo
444 1135 672 1199 sexcentesimo
694 1135 845 1219 vigesimo
865 1135 1001 1200 secundo
1018 1136 1132 1200 mensis
1146 1134 1205 1202 Ju-

117 1223 167 1301 lii,
182 1222 236 1286 die
249 1222 400 1304 vigesimo
417 1227 536 1287 octava.

147 1431 293 1484 nuttam
311 1429 360 1482 de
377 1429 554 1492 amatre·
573 1429 625 1482 dar
642 1429 814 1494 chanlito
831 1430 879 1482 de
898 1431 1175 1488 {nint-mutin.

203 1576 348 1638 Decauus
375 1580 406 1636 et
429 1572 594 1654 capitulum
618 1573 777 1638 saecularis
805 1580 837 1637 et
866 1573 1038 1658 collegiata
1067 1577 1206 1642 ecclesiae

118 1663 225 1726 Sancti
240 1661 362 1724 blartini
378 1661 510 1724 civitatis
525 1659 719 1739 leodiensis,
742 1662 896 1725 universis
919 1663 1050 1744 singulis
1065 1681 1207 1744 prasen-

120 1756 170 1812 tes
193 1755 314 1814 nostras
328 1747 447 1812 litteras
469 1749 593 1826 visuris,
619 1749 746 1814 lecturis
767 1750 881 1830 pariter
902 1757 934 1812 et
955 1750 1020 1834 legi
1047 1752 1206 1832 audituris,

121 1834 251 1902 salutem
267 1837 300 1899 iu
316 1855 354 1901 eo
370 1836 423 1917 qui
440 1844 487 1901 est
502 1855 576 1900 veru
591 1837 684 1900 salus.

206 1924 319 1990 Notum
335 1923 465 1988 iacimus
481 1923 624 2004 qualiter,
639 1925 689 1988 die
705 1943 764 2006 qua
780 1925 865 1989 datas
881 1923 1095 2006 inlrapatebit,
1112 1945 1206 1989 reve-

122 2011 239 2076 rendus
265 2013 297 2073 in
314 2011 437 2075 Christo
462 2020 549 2093 pater
572 2012 726 2076 Antonius
741 2012 836 2076 biania
858 2014 1025 2094 capucinus
1047 2015 1135 2078 verbi
1150 2015 1208 2078 Dei

119 2101 316 2183 praedicator,
333 2101 384 2180 qui
399 2097 529 2178 Vienna,
553 2101 814 2181 peregrinationis
830 2119 932 2178 causa,
956 2102 1070 2183 pioque
1086 2103 1153 2166 zelo
1169 2103 1206 2166 ud

118 2189 174 2252 has
190 2195 296 2270 portes
311 2205 347 2250 se
362 2188 528 2265 transtulit,
545 2187 705 2252 ecclesiam
722 2197 856 2252 nostram
872 2190 1021 2265 visitavit,
1041 2196 1072 2253 ct
1086 2207 1206 2254 sacrum

117 2277 221 2342 Missa
250 2274 384 2340 oliicium
411 2275 442 2338 in
463 2275 578 2341 sacello
599 2275 788 2340 uenerabilis
818 2277 1003 2341 sacramenti
1024 2277 1205 2342 celebravit.

118 2363 175 2427 Cui
197 2361 477 2444 congratulandum
501 2361 539 2426 de
562 2363 695 2428 adventu
716 2382 753 2426 ac
772 2362 853 2428 bene
870 2365 1095 2446 approbandum
1112 2366 1207 2429 duri-

117 2469 194 2529 mus,
209 2450 445 2514 cummunicatis
467 2450 567 2514 cidem
591 2451 681 2514 diotae
695 2449 842 2516 Ecclesia
863 2459 979 2518 nostrae
995 2453 1155 2527 thesauris,
1178 2460 1209 2516 at

118 2540 197 2604 inter
225 2538 286 2602 alia
308 2557 406 2615 sacru,
430 2539 564 2601 ostensis
579 2537 679 2604 Beata)
694 2538 777 2619 Evae,
801 2540 873 2603 clim
899 2540 931 2602 in
955 2539 1085 2604 ecclesia
1102 2548 1208 2606 nostra

116 2627 270 2704 Recluso,
287 2627 426 2707 corporis
442 2625 576 2704 ossibus,
592 2627 757 2708 exquibus
780 2647 874 2692 unum
891 2647 931 2692 cx
943 2630 1122 2710 majoribus,
1140 2629 1206 2692 sci-

117 2715 192 2778 licet
206 2733 281 2778 crus
296 2731 389 2778 unum
404 2713 570 2796 integrum,
586 2715 687 2780 serico
704 2716 887 2792 involutum,
903 2723 934 2777 ct
950 2716 1006 2780 sub
1022 2716 1127 2801 sigillo
1144 2736 1206 2780 no-

117 2810 182 2868 stro
199 2801 365 2878 inclusum,
387 2801 486 2864 cidem
509 2803 683 2867 reverendo
705 2805 783 2882 patri
808 2802 1000 2878 tradidimus,
1025 2823 1120 2867 sacrm
1142 2821 1207 2866 suae

118 2890 272 2955 Caesarea
288 2889 436 2970 llajestati
452 2887 655 2967 offerendum,
678 2909 737 2955 unu
760 2911 828 2955 cum
855 2891 1024 2954 humillima
1046 2891 1206 2971 supplica-

116 2979 205 3044 tione
222 2984 340 3056 nostua,
356 2976 535 3040 discretioni
550 2995 615 3042 suae
631 2979 821 3042 Pateruitatis
838 2979 1010 3042 commissa.

206 3067 242 3130 lrr
257 3082 386 3146 quorum
401 3063 490 3128 fidem
507 3072 675 3146 presentes
690 3066 809 3130 litteras
824 3065 902 3143 lueri,
918 3072 951 3127 et
964 3083 1021 3146 per
1034 3066 1113 3130 inira
1126 3067 1207 3130 scri-

117 3160 203 3232 ptum
227 3153 379 3218 notarium
399 3152 554 3233 publicum
576 3153 744 3228 subscribi,
770 3152 927 3235 sigillique
952 3153 1082 3236 Capituli
1107 3155 1206 3218 nostri

112 3240 266 3321 Jusaimus
282 3241 476 3322 appositione
492 3239 615 3303 muniri.
654 3241 764 3304 Datum
779 3241 888 3306 Lccdii
910 3241 967 3306 sub
984 3261 1064 3307 anuo
1080 3242 1204 3306 Domini
1324 3305 1328 3314 ,

119 3328 216 3405 1641,
232 3328 283 3392 die
299 3328 404 3392 martis
424 3329 471 3394 19.
489 3329 603 3392 mensis
628 3329 816 3392 novembris.
856 3330 1015 3411 Signatum
1031 3337 1097 3396 erat
1110 3330 1206 3414 lgna-

118 3419 181 3483 tius
202 3416 386 3482 Godclridus
401 3414 466 3480 Van
481 3415 570 3496 Rcye
586 3415 659 3480 dicti
675 3415 806 3498 Capituli
822 3417 1017 3482 chalasticus.

312 3625 424 3676 autre
441 3625 576 3676 extrntt
592 3623 657 3676 dc·
674 3619 815 3676 ndreae·
833 3627 1019 3690 registra.

209 3768 350 3830 Decanus
384 3774 414 3830 et
442 3769 606 3850 capitulum
632 3769 788 3833 secularis
813 3775 843 3832 et
869 3769 1042 3853 collegiata
1066 3768 1207 3836 ecclesia

120 3853 224 3918 Sancti
241 3853 360 3918 llartini
377 3856 509 3920 civitatis
525 3855 720 3933 Leodiensis,
745 3857 900 3920 universis
926 3865 958 3920 et
972 3857 1104 3940 siugulis
1121 3878 1205 3940 prae-

120 3948 227 4004 sentes
242 3950 363 4008 nostras
379 3943 497 4007 litteras
513 3943 637 4022 visuris,
657 3942 784 4008 lecturis
800 3945 915 4025 pariter
938 3951 969 4008 et
992 3945 1056 4030 legi
1079 3947 1205 4012 auditu-

120 4029 176 4103 ris,
192 4028 321 4092 salutem
336 4032 368 4094 in
385 4048 423 4095 eo
440 4033 492 4114 qui
508 4039 555 4096 est
570 4049 645 4095 vera
660 4030 753 4094 salus.

206 4115 318 4180 Notum
335 4119 461 4184 lauimus
478 4119 610 4200 qualiter
626 4137 681 4200 pro
698 4125 785 4198 purte
801 4119 838 4181 ad
855 4121 1204 4189 instantiamrevereudi

122 4202 286 4270 admodum
316 4205 348 4270 in
371 4205 492 4273 Christo
518 4209 613 4292 patris
644 4226 680 4272 ac
704 4205 820 4274 domiui
844 4207 1055 4293 Chrysostcmi
1088 4209 1204 4278 abbatis
