2938 4716
1122 321 1158 388 111

127 493 204 560 lueis
226 497 371 574 nominat,
391 511 451 568 res,
472 509 546 575 qaas
565 495 729 576 continent,
749 494 822 560 satis
840 493 896 560 sibi
911 497 1046 580 cognitas
1059 500 1161 580 luisse,

126 600 236 677 ubique
257 599 376 675 scriptis
397 597 460 657 suis
483 595 622 658 declarat
667 597 756 659 Cuius
786 598 830 659 roi
861 606 1036 680 argumento
1056 603 1162 682 sinpo-

126 698 173 759 los
193 697 281 758 locos
301 696 444 776 allegare,
465 695 586 776 longum
610 702 672 774 est,
714 715 810 777 neque
842 701 1045 762 necessarium
1077 702 1163 762 arbi-

126 802 305 872 tremur¹²J.
347 797 419 856 Nam
455 813 543 875 supra
574 797 632 858 iam
665 797 957 861 malmesburiensem
988 800 1165 877 audivimus,

128 915 196 957 cum
220 899 260 957 ita
283 901 428 968 narraret,
450 894 586 957 Carolum
602 895 716 958 calvum
738 899 897 975 „miraculo
913 901 1085 977 scientiae,“
1108 919 1165 981 qua

128 997 240 1058 luisset
262 997 391 1072 scotus,
415 1001 549 1074 captum,
571 998 601 1058 in
624 997 761 1057 omuibus
781 999 871 1060 rebus
891 999 920 1060 ei
941 998 1094 1080 plurimum
1118 1000 1168 1060 in-

129 1095 270 1157 dulsisse.
314 1095 407 1156 Unum
431 1101 527 1156 tamen
549 1095 703 1157 hocloco
725 1096 903 1158 monendum
928 1115 997 1160 esse
1019 1106 1166 1180 puluinum,
1193 1089 1197 1096 ’

129 1197 253 1257 Scotum
276 1201 406 1255 nostrum
430 1193 576 1256 derebus
598 1196 811 1258 mathematicis
834 1195 1038 1276 disputantem,
1063 1201 1167 1260 mirum

130 1304 274 1376 mentam
298 1313 315 1355 a
335 1296 539 1356 mathematica
562 1296 720 1359 subtilitate
739 1299 846 1359 abesse
868 1297 1067 1377 deprehendi:
1087 1299 1167 1380 quod

132 1417 199 1458 curn
226 1397 301 1458 alias
323 1398 379 1476 ipsi
400 1413 455 1460 usu
477 1399 566 1478 venit,
588 1403 646 1458 tum
666 1417 739 1461 vero
761 1382 816 1475 (dc
838 1397 896 1460 div.
918 1407 977 1460 nat
1001 1400 1049 1476 ΙΙΙ,
1080 1396 1170 1462 34-

132 1497 209 1570 36),
231 1497 283 1556 ubi
303 1497 433 1575 pluribus
453 1497 597 1575 explicat,
631 1514 708 1578 quac
738 1499 796 1560 sihi
828 1498 866 1560 de
898 1507 1168 1578 membraturam,

132 1600 226 1659 lunae
247 1603 304 1658 cet.
327 1603 384 1657 ccl.
406 1597 616 1658 verisimillima
635 1599 855 1676 videamuru).

220 1698 322 1776 ltaque
344 1714 382 1758 eo
401 1687 573 1777 perventum
591 1703 637 1759 est
648 1723 672 1773 ,¹
689 1705 741 1776 ut,
776 1717 853 1780 quae
883 1701 912 1762 io
944 1700 1057 1763 loanae
1086 1701 1173 1764 luerit

133 1797 346 1878 philosophiae
366 1803 397 1857 et
417 1796 590 1876 theologiae
612 1799 747 1875 seientia,
770 1800 1030 1864 demonstrandum
1052 1802 1097 1862 sit.

220 1899 339 1961 Certum
366 1898 456 1977 igitur
484 1898 725 1978 exploratumque
744 1899 899 1976 habemus,
922 1902 1051 1962 omnium
1072 1917 1172 1962 aarum

134 2019 249 2076 rerum,
271 2015 346 2078 quae
369 1996 416 2058 illa
437 1984 535 2058 aetate
555 2015 573 2058 a
593 1997 742 2078 theologis
765 1998 965 2074 discebantur,
987 2001 1080 2078 ipsum
1100 1999 1173 2059 satis

133 2117 264 2180 gnaram
288 2097 388 2158 luisse.
431 2097 621 2177 Quantopere
642 2099 762 2178 graccis
783 2096 932 2159 ecclesiae
952 2098 1084 2179 patribus
1103 2115 1173 2158 sese

136 2200 274 2272 dederit,
311 2199 367 2258 iam
397 2214 485 2276 supra
515 2198 680 2278 expositum
703 2205 768 2275 cst,
805 2215 864 2260 nec
885 2199 989 2284 iterum
1012 2198 1174 2260 decantare

136 2300 226 2361 libet:
254 2304 283 2358 et
305 2297 420 2373 latinos,
442 2300 496 2359 etsi
519 2299 615 2360 rarius
629 2315 732 2360 eorum
752 2299 916 2361 testimonia
932 2299 1055 2380 prolcrt,
1076 2306 1173 2362 tamen

137 2401 207 2461 idco
230 2416 291 2460 non
314 2398 454 2477 neglexit.
497 2398 689 2478 Augustiuu‘m
723 2399 840 2479 quidem
875 2399 966 2479 pluris
997 2399 1061 2461 lere
1081 2401 1175 2461 aesti-

136 2517 223 2564 mare
237 2505 269 2559 et
283 2498 450 2578 diligentius
466 2497 576 2578 legisse
589 2498 715 2575 videtur,
731 2515 816 2578 quam
830 2497 917 2561 ullum
937 2497 976 2560 dc
992 2499 1112 2580 graecis
1123 2503 1173 2570 ¹⁴).

221 2599 347 2662 Sacram
371 2597 480 2659 deinde
504 2598 701 2678 scripturam,
733 2615 792 2678 quo
824 2597 922 2660 studio
955 2598 1175 2677 pervolutavit‘l

142 2759 247 2772 —n-

175 2845 221 2912 12)
243 2841 297 2914 Qui
321 2851 406 2892 tamen
426 2839 547 2908 singulos
565 2841 636 2892 locos
657 2839 788 2909 inspicere
808 2837 939 2898 mollierit,
965 2835 1043 2889 adeat
1069 2839 1102 2889 de
1121 2837 1175 2889 dia.

249 2939 305 2984 nat.
327 2932 347 2990 Ι,
369 2928 409 2990 td,
426 2929 469 2990 22,
487 2927 530 2990 ab,
549 2925 593 2988 32,
612 2927 655 2990 33,
675 2927 720 2988 39,
737 2925 780 2989 td,
796 2927 845 2994 53,
865 2929 911 2988 ΙΙΙ,
929 2921 978 2992 38,
997 2925 1029 2987 V,
1046 2925 1079 2992 4,
1096 2942 1176 2996 prae*

251 3019 330 3087 cipue
348 3018 394 3081 ΙΙΙ,
413 3013 518 3067 34-86
538 3023 565 3066 et
585 3015 619 3066 dc
637 3015 768 3084 praeclari.
789 3031 845 3083 cap.
865 3014 959 3065 ΙΙΙΙΙΙΙ.

179 3123 224 3188 13)
247 3119 338 3189 Quare
364 3119 548 3169 Schlnetcrum
577 3121 656 3170 etiem
684 3119 712 3169 ln
740 3135 772 3169 eo
796 3133 896 3169 errasse
924 3116 1072 3176 credimur,
1103 3117 1177 3186 quod

249 3212 288 3276 (p.
306 3207 354 3274 ΙΙΙ)
375 3207 439 3256 dicit
463 3205 592 3265 „Carolus
620 3205 710 3255 calvus
741 3221 785 3256 rer
811 3205 918 3256 Scotum
940 3206 1051 3256 Parisios
1071 3205 1178 3256 vocarit

246 3303 282 3344 et
297 3295 445 3361 magistrum
466 3293 492 3342 in
512 3292 655 3342 nratbcsi
674 3327 681 3340 .
701 3293 919 3342 ..cornelianica
942 3321 975 3332 -
1005 3289 1128 3342 Celerina
1149 3290 1178 3341 id

247 3393 359 3450 quicque
379 3379 514 3448 latendum
534 3387 582 3440 est,
602 3377 704 3429 nullum
722 3380 830 3428 omnino
849 3395 862 3428 a
883 3379 961 3430 nohis
980 3388 1073 3430 testem
1088 3396 1177 3448 reper-

152 3535 154 3540 .
252 3475 306 3516 term
328 3483 395 3527 cese,
414 3467 490 3517 cuius
509 3467 666 3517 praeteritate
685 3467 799 3517 corrhsus
817 3465 988 3518 Sclrlneterua
1008 3465 1059 3517 hoc
1077 3466 1176 3516 dixisse

253 3555 340 3624 pulcri
360 3563 449 3622 queat.

183 3655 229 3724 ΙΙ)
251 3657 285 3706 cl.
306 3657 338 3706 dc
355 3656 405 3707 div.
425 3665 480 3708 nat.
501 3660 521 3716 Ι,
539 3653 651 3721 b331v,
675 3657 706 3705 lt
724 3653 782 3725 (ubi
802 3656 1019 3716 ,meientiauirurun
1042 3654 1179 3705 divinissi-

247 3761 371 3813 mumque
399 3743 570 3810 theologum‘·
592 3751 713 3804 „tectum
741 3751 837 3794 ettam
857 3759 978 3810 magorum
997 3743 1098 3792 rircrm¹⁴
1117 3756 1177 3791 eum

248 3829 375 3899 appellat,
394 3832 509 3901 aliisque
528 3838 663 3898 practerea
684 3828 810 3880 laudibus
827 3836 913 3890 ornat,
933 3843 982 3880 nec
994 3845 1048 3879 nen
1062 3825 1179 3894 diligen·
1236 3843 1240 3878 ζ

251 3919 378 3970 tissiraam
396 3919 454 3968 eius
472 3917 615 3968 lectionem
632 3915 770 3986 ostendit),
789 3917 810 3977 Ι,
829 3915 877 3982 45,
898 3917 931 3977 ΙΙ,
952 3915 992 3976 ab,
1013 3913 1056 3975 20,
1073 3911 1116 3975 aa,
1135 3909 1179 3974 ab,

248 4005 300 4071 293
318 4005 362 4068 ΙΙΙ,
381 4005 407 4066 8,
428 4004 460 4056 16
479 4012 528 4054 cet.
549 4012 599 4055 eet.

962 4093 980 4152 9
