2938 4716
229 677 293 758 ,Ex
322 676 456 739 essentia
490 691 611 753 eornm,
645 693 722 756 quac
754 682 841 753 sunt,
875 693 913 738 ex
934 676 1059 739 mirabili
1081 696 1179 741 rernm

144 776 261 856 ordine,
287 795 326 839 cx
346 783 429 838 motu
450 777 580 838 omnium
600 777 701 838 stabili
723 774 854 858 theologi
867 783 950 839 recle
964 777 1179 856 intellexerunt,

140 877 278 942 Naturam
303 879 477 939 creatricem
500 884 530 937 et
552 893 637 952 esse,
659 883 688 937 et
710 895 836 956 sapere,
856 885 886 940 et
905 880 1018 940 vivere.
1061 879 1106 942 Ac
1126 899 1180 960 prr

140 977 198 1040 boo
218 977 413 1059 inquisitores
425 978 559 1039 veritalis
581 977 775 1057 tradiderunt,
798 995 852 1058 per
873 981 1032 1040 essentiam
1054 982 1179 1062 intelligi

141 1077 268 1155 Patrem,
290 1095 345 1158 per
368 1077 542 1158 sapientiam
564 1075 678 1155 Filium,
703 1095 757 1156 per
778 1079 866 1140 vitam
878 1081 1016 1158 Spiritum
1028 1079 1179 1144 Sanctum.

140 1177 242 1260 ltaque
266 1181 424 1241 trinitatem
454 1179 621 1240 docuerunt
642 1195 711 1240 esse
735 1179 764 1240 in
787 1181 909 1242 unitate.
931 1220 970 1233 -
994 1181 1087 1244 Unam
1109 1196 1179 1242 om-

141 1281 218 1343 niurn
231 1297 355 1342 causam
372 1280 509 1341 dixerunt
525 1281 679 1341 unitatem.
722 1267 814 1341 Huius
836 1285 946 1356 autem,
966 1280 1092 1343 mirabili
1113 1300 1179 1343 earn

141 1380 354 1462 multiplicitate
377 1386 564 1453 contuentes,
586 1388 647 1441 tres
668 1381 848 1442 substantias
858 1385 885 1457 ὃ)
914 1380 1106 1444 intellexere:
1130 1383 1179 1444 in-

140 1487 286 1566 genitam,
318 1487 471 1567 genitam,
501 1484 724 1565 procedentem.
769 1483 903 1544 Habitum
923 1494 964 1559 (s.
987 1483 1177 1562 mintionem)

141 1589 296 1670 ingenitae
318 1585 355 1648 ad
377 1589 507 1668 genitam
541 1587 769 1648 nominaverunt
789 1586 923 1662 Patrem,
944 1585 1071 1649 habiturn
1091 1586 1177 1666 geni.

141 1692 188 1750 tce
209 1687 249 1750 ad
274 1688 439 1768 ingenitam
463 1687 601 1750 dlxcnml
629 1687 748 1765 Filium,
776 1687 905 1748 habitum
927 1687 1119 1767 procedentis
1138 1685 1177 1747 ad

140 1787 302 1869 ingenitam
325 1788 516 1868 genitamque
545 1787 767 1868 appellaverunt
785 1787 921 1868 Spiritum
943 1789 1091 1849 Sanctum.
1133 1786 1176 1848 lla

142 1887 291 1949 Abraham
313 1893 360 1948 esl
379 1905 488 1949 nomen
510 1888 694 1950 substantiae
722 1898 762 1964 (s.
783 1897 949 1967 personae]
974 1894 1004 1948 et
1023 1887 1108 1948 isaac
1131 1893 1177 1948 est

141 2003 247 2049 nomen
269 1988 476 2050 substantiae:
509 1987 587 2050 illius
622 1987 739 2049 babitus
773 1987 809 2048 ad
839 1987 917 2048 hunc
947 1987 1055 2049 dicitur
1083 1992 1177 2067 pater,

143 2085 226 2150 buius
248 2088 367 2150 babitus
389 2088 425 2150 ad
448 2088 526 2150 illum
549 2094 683 2151 vocatur
697 2087 800 2150 ttiuss
823 2125 864 2136 -
888 2087 925 2168 (l,
948 2087 1013 2164 14.)

602 2213 631 2280 s.
658 2202 705 2267 tt.

219 2323 266 2385 De
295 2325 493 2403 processione
529 2324 649 2403 spiritus
688 2323 784 2385 sancti
817 2324 926 2386 Seuius
956 2321 1046 2384 mullo
1078 2323 1175 2402 magis

142 2419 322 2484 Graecorum
354 2412 520 2486 sententiae
550 2423 644 2504 lavet,
674 2441 760 2504 quam
782 2421 962 2485 Latinorum.
1005 2425 1056 2485 Ait
1077 2425 1176 2505 igitur,

141 2523 385 2602 quemadmodum
419 2524 550 2607 dicatur,
574 2543 631 2586 una
655 2525 784 2586 essentia
810 2525 909 2585 divine
934 2509 1078 2585 ln'tribus
1099 2525 1175 2585 sub-

140 2625 254 2686 stantiis
274 2629 352 2702 ele,
381 2626 421 2686 ita
452 2635 534 2702 (curn
565 2626 695 2687 essentia
725 2625 825 2686 divina
854 2625 892 2685 sit
914 2625 1042 2685 omnium
1066 2629 1174 2702 eausa)

140 2723 224 2784 etiarn
248 2724 307 2786 dici
329 2741 432 2805 posse,
456 2743 675 2788 unnmcausam
698 2725 726 2786 ln
750 2725 841 2786 tribus
862 2725 970 2785 causis.
1009 2721 1068 2784 lam
1089 2743 1173 2804 uero,

143 2839 204 2886 eum
226 2823 329 2885 nullibi
353 2826 382 2885 in
404 2843 502 2886 rerum
527 2831 631 2888 natura
654 2843 692 2889 ex
716 2825 830 2886 duabus
852 2826 951 2886 causis
972 2823 1021 2886 ssat
1043 2841 1117 2901 una,
1138 2843 1173 2886 sc

142 2937 197 2985 non
222 2925 346 2999 uidere,
374 2943 433 3006 quo
463 2933 552 3008 pecto
585 2943 623 2986 ex
655 2932 739 3006 putre
769 2932 799 2986 et
819 2925 879 2987 litio
903 2925 1034 3006 (duabus
1057 2925 1172 3002 causis)

141 3025 305 3104 procedere
336 3027 431 3106 possit
463 3026 582 3108 spiritus
612 3032 735 3090 sanctus
767 3033 841 3102 (unc
873 3025 1014 3101 causei).
1059 3023 1173 3097 Quodsi

138 3215 394 3230 mna-uu·-

188 3346 216 3414 5)
238 3345 298 3400 Lib.
320 3346 356 3410 ll,
385 3346 419 3398 29
446 3347 551 3399 scribit:
582 3348 653 3399 tum
680 3347 796 3400 essentia
816 3349 844 3398 in
864 3345 948 3398 tribus
969 3347 1125 3400 substantiis
1145 3358 1173 3401 et

236 3443 290 3485 tres
309 3434 477 3486 rulrrtantlae
496 3436 525 3486 iu
541 3451 594 3486 una
614 3435 729 3486 essentia
748 3467 778 3478 -
803 3433 844 3485 rel
865 3434 1009 3486 seecundum
1028 3453 1103 3488 usum
1117 3439 1172 3486 tto-

232 3537 327 3572 manac
353 3523 477 3588 linguae:
502 3539 555 3573 unc
581 3523 731 3576 rurbatanlia
758 3524 785 3574 in
814 3522 899 3574 tribua
924 3525 1054 3592 personia,
1073 3532 1101 3576 et
1117 3532 1172 3576 tres

238 3611 487 3677 partemcluunt
506 3608 683 3664 substantia.»
704 3610 745 3662 Cf.
767 3612 800 3671 ll,
819 3609 862 3672 23,
879 3609 923 3662 34.

190 3692 219 3762 fi)
240 3694 327 3764 Quum
358 3695 425 3748 haec
451 3697 632 3750 concludendi
656 3699 724 3750 ratio
742 3698 818 3748 nulla
836 3698 886 3762 rit,
913 3699 1008 3752 Scelus
1034 3699 1092 3770 ipre
1112 3697 1172 3748 nni-

234 3781 409 3836 madvertisse
437 3783 557 3838 videtur:
578 3787 612 3838 ils
629 3794 736 3847 cutem,
761 3786 805 3856 qui
836 3785 1043 3856 reprehendant,
1072 3786 1107 3837 ita
1130 3801 1171 3835 re-

234 3867 359 3937 spondet,
379 3871 437 3922 cola
455 3889 541 3924 rerum
554 3881 649 3926 nutura
667 3873 735 3924 dccc
754 3873 787 3940 qd
807 3875 924 3928 cruminis
943 3874 1030 3926 divini
1047 3881 1171 3926 sanctac-

234 3969 286 4022 que
306 3957 433 4008 trinitatis
451 3959 660 4028 intelligentiam
681 3960 832 4029 perueniri!
854 3961 896 4012 Cf.
918 3961 950 4022 ll,
965 3959 998 4010 31
1017 3947 1067 4035 aab
1087 3961 1133 4010 srn.

235 4039 354 4094 liabetur
374 4052 515 4114 praeterae
542 4046 614 4118 apud
633 4046 742 4100 Scotum
766 4047 793 4098 in
815 4046 937 4100 doctriua
956 4045 989 4100 de
1011 4063 1031 4098 s.
1051 4047 1172 4100 trinitate
