2938 4716
303 353 345 416 68

235 547 237 551 ’
300 527 478 610 nuntronio,
501 528 531 590 id
552 526 631 607 quod
655 529 712 588 iern
734 527 829 590 Natat.
851 524 1025 586 Alexander
1045 526 1128 603 vidit,
1153 527 1344 590 dubitandum

301 638 358 706 est,
379 631 447 709 quin
471 628 519 690 itte
541 628 578 689 ob
600 627 646 690 tris
666 627 704 688 nd
729 627 850 688 verbnm
872 626 1081 705 transscriptus
1101 628 1202 700 situ).
1246 627 1345 700 Quare

301 731 339 794 nd
364 727 508 812 ingulfum
531 735 561 790 et
583 726 888 802 malmesburiensem,
914 733 1052 806 tonqnorn
1076 728 1113 789 od
1136 728 1265 804 triarios,
1296 745 1346 790 res

302 825 392 892 venit'.
435 829 471 892 tii
493 836 601 904 antem,
624 829 759 908 quamvis
782 827 902 888 disertis
923 827 1024 888 verbis
1042 827 1119 889 ittern
1143 830 1345 890 narrationem

301 928 488 1005 tradiderint,
522 935 632 1001 temen,
668 946 734 989 cum
755 945 852 1008 neque
875 928 894 988 ii
916 927 977 988 sint
999 933 1156 1004 auctores,
1189 943 1265 1007 rnros
1288 929 1346 988 ed-

301 1031 419 1092 roodunr
440 1028 500 1090 sido
521 1027 630 1108 dignos
652 1026 764 1089 trabere
784 1027 913 1104 solenni,
944 1033 983 1102 et,
1015 1027 1046 1088 id
1076 1025 1156 1106 quod
1175 1045 1264 1108 supra
1288 1031 1346 1089 ianr

301 1131 479 1199 monuimus,
501 1126 585 1205 primi
607 1133 676 1208 post
694 1127 777 1188 Seoti
798 1133 937 1200 oetatem,
959 1143 1049 1207 equa
1071 1124 1207 1188 ducentis
1228 1133 1258 1188 et
1279 1145 1347 1188 nm·

299 1229 376 1308 ptius
397 1229 467 1289 enni
489 1227 607 1302 obsunt,
630 1227 667 1288 de
689 1228 781 1290 Sento
805 1228 834 1288 in
853 1225 991 1307 Angiinnr
1015 1226 1152 1306 proiecto
1176 1245 1347 1290 sennonern

300 1329 422 1405 iaciant,
444 1345 553 1408 rnogno
576 1344 669 1405 opere
692 1325 943 1388 considerandum
966 1331 1030 1402 est,
1070 1334 1178 1407 quanto
1211 1327 1247 1388 iis
1272 1327 1348 1388 tides

301 1427 357 1490 hoo
377 1429 406 1490 in
428 1444 461 1489 re
485 1428 525 1488 sit
546 1426 696 1499 habendo,
718 1433 768 1488 not
788 1428 895 1506 potios,
916 1445 986 1489 norn
1008 1428 1086 1489 sorte
1107 1433 1228 1506 propter
1244 1427 1348 1488 diver-

300 1546 351 1590 ses
374 1536 613 1609 argumentorum
636 1529 768 1590 rationes
782 1529 884 1589 onrnis
902 1528 959 1590 hoe
976 1529 1007 1588 in
1027 1545 1061 1589 re
1082 1527 1157 1589 fides
1179 1529 1215 1588 iis
1236 1531 1276 1589 sit
1291 1529 1349 1589 ab·

301 1630 447 1708 rogando.
490 1630 588 1708 Atque
622 1628 741 1690 diverso
775 1627 813 1689 ab
848 1645 951 1690 eorum
980 1629 1149 1690 testimonio
1172 1636 1348 1709 argumenta

243 1716 245 1725 ¹
300 1727 443 1791 hebemus
464 1746 539 1791 sone
558 1728 673 1808 gronio.
716 1728 841 1789 Prirnum
876 1729 956 1789 enirn
990 1731 1120 1790 Asseros
1142 1727 1347 1805 menevensis,

301 1827 502 1890 Bonoorensis
527 1827 621 1890 obbas
642 1834 673 1889 et
694 1827 959 1889 Schirebnrnensis
980 1828 1150 1907 episcopus,
1182 1843 1269 1907 quern
1290 1827 1349 1888 ΑΙ-

302 1925 404 1988 iredus
434 1932 555 2007 propter
578 1928 715 1990 eximiam
736 1925 898 1991 litterarum
921 1928 1076 1990 soientinrn
1098 1927 1136 1988 ed
1157 1943 1192 1988 se
1213 1944 1349 1989 rocave-

301 2034 357 2102 rot‚
391 2029 533 2108 cuiusque
554 2027 726 2090 fidelissime
749 2045 839 2109 opera
863 2030 892 2090 in
914 2029 1089 2109 optirnarum
1113 2029 1218 2091 artioni
1239 2027 1348 2090 stodiis

301 2127 380 2188 bone
406 2127 594 2190 instituendis
614 2129 761 2205 utebatur,
782 2131 812 2190 in
834 2131 893 2192 vite
914 2128 1030 2191 Attredi
1053 2147 1071 2191 a
1093 2131 1259 2208 rescripta
1291 2146 1348 2190 oe·

302 2229 488 2290 curatissimo
513 2229 670 2290 doctorum
694 2229 847 2308 virorum,
878 2230 929 2309 qui
951 2229 990 2292 ed
1010 2228 1165 2292 Aifredunr
1190 2233 1348 2307 venerunt,

303 2397 631 2413 ‘W

333 2475 381 2543 22)
401 2475 434 2525 ci.
457 2474 517 2525 Nat.
537 2475 609 2525 Alex.
630 2475 733 2525 dissert.
753 2473 861 2525 inhiet.
881 2476 975 2526 eccles.
994 2493 1060 2530 snee.
1079 2477 1114 2529 tx
1134 2487 1161 2530 et
1180 2477 1209 2528 Χ.
1227 2477 1348 2550 §.HL-

308 2623 311 2628 Ι
402 2559 558 2620 Atheniens,
578 2561 657 2611 trinnr
687 2559 803 2610 fontium
829 2561 992 2621 monachus,
1020 2563 1047 2614 in
1074 2563 1166 2614 chron.
1192 2582 1240 2615 suo
1269 2564 1304 2614 nd
1326 2579 1350 2614 a.

401 2645 556 2698 MCCXXV.
584 2647 700 2709 fatetur,
735 2663 830 2698 norom
860 2647 998 2700 historiam
1017 2652 1161 2718 Angioruro
1184 2651 1235 2702 sibi
1256 2651 1349 2702 ducent

402 2735 501 2785 fuisse:
522 2743 612 2785 narrat
632 2741 720 2786 autern
739 2733 772 2784 de
791 2734 871 2787 Scoto
890 2735 936 2806 (ad
955 2755 969 2788 a
991 2737 1234 2807 DCCCLXXVHI.)
1254 2739 1351 2790 iisdem

402 2836 487 2891 propo
514 2838 573 2872 cnm
604 2823 636 2874 G.
663 2821 803 2878 Mnlmerb.
832 2821 893 2893 (tib.
921 2823 954 2876 de
979 2824 1057 2876 rebus
1076 2835 1142 2894 gest.
1162 2843 1252 2894 regum
1272 2825 1350 2894 Angt.

403 2906 436 2970 ΙΙ,
455 2907 484 2977 4)
503 2909 599 2960 verbio.
623 2910 698 2962 ilnnc
716 2910 871 2962 Albericurn
890 2911 1126 2966 Staudenmnierus
1148 2931 1202 2966 non
1222 2911 1350 2966 laudarit.

402 2996 479 3066 Quos
497 3005 585 3048 autern
608 2995 736 3056 laudarit,
752 2997 780 3048 hi
799 3005 827 3050 et
844 2999 895 3067 ipsi
913 3001 978 3051 rotis
1001 3010 1093 3069 aperte
1113 3001 1259 3064 declarant,
1279 3019 1351 3054 eun-

404 3082 464 3134 dem
485 3085 519 3136 G.
539 3082 677 3136 Mnlmerb.
706 3083 786 3136 rerba
813 3085 865 3136 sibi
894 3103 941 3138 son
965 3089 1108 3157 praevisos,
1144 3087 1207 3139 Nom
1227 3106 1297 3159 quae
1317 3089 1351 3142 G.

404 3169 546 3221 Motmesb.
568 3169 613 3241 (ci.
632 3171 708 3222 Gale.
729 3171 748 3222 Ι.
761 3171 780 3222 l.
799 3180 860 3225 test.
878 3190 904 3241 p.
924 3173 942 3227 6
961 3183 988 3225 et
1010 3193 1036 3243 p.
1054 3175 1082 3248 8)
1100 3185 1200 3237 narrat,
1229 3176 1263 3228 nd
1291 3193 1351 3228 rer·

403 3254 468 3308 bunt
488 3256 553 3320 tere,
571 3267 602 3310 ut
620 3259 672 3308 inm
692 3257 815 3322 diximus,
836 3259 939 3312 nabent
957 3272 984 3313 et
1003 3264 1064 3330 ipsi.
1090 3265 1169 3315 Itium
1188 3273 1278 3316 entem
1299 3265 1351 3316 ho-

405 3358 463 3395 runt
483 3343 624 3396 verborum
644 3352 778 3396 :notorem
797 3364 863 3408 esse,
882 3347 947 3398 inde
968 3357 1062 3417 potere
1081 3350 1249 3412 arbitramur,
1267 3351 1351 3422 quod,

408 3429 453 3479 nbi
473 3431 519 3483 itte
538 3433 646 3484 scribit:
669 3440 719 3495 „ut
740 3433 880 3486 intertexto
899 3465 932 3476 -
950 3434 1053 3489 hebent
1071 3438 1199 3500 irti:*‚,nt
1217 3439 1351 3507 intelligi-

405 3521 476 3578 tur·‘,
497 3517 570 3586 quod
591 3519 640 3570 ttto
661 3517 783 3570 dicenter
815 3522 942 3590 „scripsit
969 3521 1066 3575 librum
1095 3524 1165 3576 bene
1187 3526 1280 3576 utilem
1301 3530 1351 3594 (sc.

407 3603 535 3672 Scotus)“
553 3635 587 3648 -
610 3607 720 3657 istorum
743 3607 874 3676 quispiam
904 3609 939 3660 ito
966 3607 1061 3661 docet:
1094 3613 1220 3680 „scripsit
1244 3612 1351 3673 librom,

405 3705 494 3760 quem,
516 3692 608 3743 utilem
629 3709 687 3745 esse
705 3695 770 3745 nit.⁸‘
808 3693 877 3746 ttturt
897 3697 1041 3765 „scripsiw
1052 3697 1195 3749 -dicitur
1213 3699 1247 3751 de
1260 3701 1351 3752 Scoto.

405 3778 487 3839 „sim
505 3787 605 3843 autern,
625 3799 706 3851 quum
727 3782 761 3833 ad
780 3783 888 3834 Scotum
912 3785 1005 3836 referri
1026 3795 1145 3856 nequent
1166 3788 1242 3856 (quio
1256 3787 1352 3838 Scotor

407 3879 538 3934 nusquam
558 3867 624 3918 tolio
641 3869 675 3919 de
693 3867 763 3920 iibro
785 3887 833 3922 roo
853 3871 913 3939 nit),
935 3871 969 3922 nd
988 3889 1048 3923 eum
1068 3874 1239 3926 referendum
1250 3883 1299 3935 eet,
1318 3891 1352 3926 ex

405 3967 460 4020 qno
479 3951 531 4004 iste
550 3955 683 4024 quispiam
702 3957 736 4008 de
758 3957 806 4009 tun
824 3957 886 4008 libri
905 3960 1022 4013 utilitato
1040 3963 1179 4032 cognorit:
1198 3961 1350 4014 honovere

406 4053 486 4090 nerno
507 4055 562 4094 non
581 4039 696 4095 habebit
714 4044 747 4096 G.
770 4043 1047 4099 Maimesbnrienrem.
