2944 4714
737 233 892 326 Q

274 417 442 499 secularis,
464 421 495 487 si
509 439 586 489 vero
601 420 755 507 regularis
769 423 875 502 luerit,
901 419 1029 486 arbitrio
1052 417 1192 504 ejusdem
1209 417 1363 486 emlesiae

273 512 456 591 superioris,
472 517 650 592 reponatur,
667 519 699 575 et
713 513 927 575 constituatur.

355 597 394 660 Et
408 606 443 660 ut
457 599 548 679 hujus
563 601 747 664 sanctissimi
764 597 953 666 sacramenti
961 596 1136 673 celebritas,
1153 603 1239 661 tanto
1251 599 1362 660 inma-

266 683 330 765 jori
339 687 540 750 veneratione
550 687 708 766 habeatur,
724 683 1146 768 quantoperdiversasorbis
1156 684 1361 766 parteslatius

272 771 465 836 effundetur:
487 782 522 837 ut
541 776 656 856 gratias
677 782 709 838 et
724 775 929 855 indulgentias
952 773 1115 854 predictas
1134 775 1361 853 (preterquam

271 877 325 922 eas
340 861 460 924 ratione
475 867 639 926 stationum
656 863 745 926 Urbis
760 862 932 934 lucrifiunt)
958 861 1026 924 aliis
1041 860 1229 922 sanctissimi
1243 861 1362 922 Sacra-

269 948 364 1010 menti
390 948 696 1014 confraternitalibus
711 952 837 1024 erectis,
855 957 887 1011 et
908 947 1078 1029 erigendis,
1099 965 1156 1026 per
1172 953 1362 1026 transumpta

270 1051 363 1098 manu
386 1037 477 1099 unius
501 1037 609 1100 saltem
633 1057 673 1100 ex
696 1039 844 1100 ministris
860 1035 897 1098 ad
915 1037 946 1098 id
962 1035 1127 1114 deputatis,
1151 1033 1203 1115 qui
1220 1035 1252 1095 in
1268 1051 1360 1098 mero

271 1121 504 1203 presbyteratus
521 1125 631 1188 ordine
647 1127 832 1189 constitutus
842 1125 955 1186 existat
965 1121 1148 1202 subscripta,
1163 1122 1261 1203 gratis
1271 1139 1362 1185 com-

271 1211 430 1274 municare
445 1211 547 1274 valeat
562 1213 662 1275 eidem
679 1211 924 1277 confraternitati
940 1208 1150 1286 concedimus,
1175 1209 1289 1270 litteris
1306 1227 1362 1272 su-

270 1314 327 1376 per
342 1298 547 1377 presentibus
564 1300 763 1364 conficiendis
778 1305 929 1381 perpetuo
949 1299 1116 1372 duraturis,
1136 1295 1362 1359 nonobstanti-
1444 1305 1445 1322 ¹

270 1385 329 1446 bus
345 1387 513 1463 premissis
535 1403 570 1448 ao
594 1387 773 1468 apostolicis
787 1402 907 1449 necnon
923 1387 955 1447 in
977 1383 1231 1463 provincialibus,
1256 1389 1292 1444 ct
1305 1401 1363 1463 sy-

271 1470 434 1534 nodalibus
451 1473 593 1550 comitiis,
616 1475 724 1538 edictis
748 1473 935 1554 specialibus
950 1472 1000 1533 vel
1018 1469 1215 1552 generalibus
1238 1472 1364 1534 consti-

270 1559 453 1636 tutionibus,
470 1563 653 1642 ceterisque
668 1563 832 1626 contrariis
849 1561 1105 1641 quibuscumque.
1135 1557 1287 1620 Volumus
1304 1577 1363 1620 an-

270 1652 330 1707 tem
348 1647 430 1725 quod
446 1648 473 1709 si
489 1647 578 1712 dicte
602 1650 848 1712 confraternitati
870 1648 971 1727 aliqua
992 1646 1053 1708 alia
1074 1645 1282 1727 indulgentia,
1308 1663 1364 1724 per
1443 1643 1444 1650 ’

271 1749 330 1795 nos
346 1741 508 1812 perpetuo,
524 1737 574 1798 vol
591 1737 628 1799 ed
646 1744 765 1816 tempus
781 1734 917 1798 nondum
934 1734 1071 1814 elapsum
1088 1733 1362 1808 concessafuerit3

270 1828 441 1899 presentes
457 1832 572 1886 nostre
587 1825 702 1887 nullius
718 1827 779 1887 sint
794 1824 929 1900 roboris,
944 1820 996 1883 vel
1011 1821 1173 1884 momenti:
1188 1818 1267 1882 nolli
1281 1837 1360 1902 ergo

273 1909 407 1972 omnium
424 1909 581 1974 hominum
598 1911 688 1976 liceat
703 1912 780 1974 hano
795 1912 938 1993 paginam
954 1915 1069 1972 nostre
1090 1907 1279 1988 largitionis,
1306 1925 1360 1970 re-

272 1994 447 2074 laxationis,
463 1997 570 2062 ultimo
586 1999 676 2062 dicte
693 2000 916 2074 concessionis,
942 2003 973 2060 et
992 1995 1161 2059 voluntatis
1175 1995 1359 2076 infringere,

271 2083 322 2145 vel
339 2085 368 2145 ei
383 2090 641 2156 ausutemerario
658 2089 822 2152 contrarie.
851 2087 883 2152 st
899 2085 967 2167 quis
982 2090 1083 2148 autern
1100 2081 1161 2145 hoe
1175 2088 1367 2162 attemptare·
1445 2123 1446 2142 t

270 2173 512 2251 presumpserit,
538 2174 781 2260 indignationem
804 2171 1024 2254 omnipotentis
1047 2170 1117 2245 Dei,
1138 2185 1174 2230 ac
1198 2168 1357 2232 beatorum
1445 2173 1446 2180 ’

269 2257 350 2320 Petri
368 2263 400 2320 et
413 2259 497 2322 Pauli
513 2263 723 2342 apostolorum
740 2262 818 2342 ejus,
841 2280 876 2324 se
899 2259 1022 2324 noverit
1044 2258 1250 2320 incursurum.
1294 2257 1357 2320 lta-
1445 2313 1446 2318 ,

269 2349 331 2406 tum
347 2345 452 2410 Rome
468 2349 548 2428 apud
565 2350 595 2415 S.
612 2351 746 2414 blancum
762 2367 843 2414 anno
860 2345 1084 2411 incarnationis
1098 2343 1271 2408 nominee
1287 2343 1358 2406 mil-

269 2430 379 2498 lesimo
396 2435 647 2516 quingentesimo
664 2438 893 2519 septuagesimo
911 2435 1142 2510 testimoniare
1164 2431 1233 2495 idus
1257 2451 1357 2514 augu-

269 2522 319 2582 sti.
356 2521 552 2586 Pontificatus
567 2527 667 2590 nostri
683 2543 763 2590 anno
780 2525 929 2587 secundo.

358 2608 440 2681 Quas
457 2610 580 2688 quidem
598 2613 718 2676 litteras
733 2613 932 2694 apostolicas,
949 2609 1158 2692 preinsertas,
1175 2606 1354 2686 pretiosus,

269 2711 360 2757 sanas
376 2703 407 2757 et
422 2695 568 2780 integras,
595 2701 631 2762 ad
649 2702 732 2763 omni
750 2718 878 2781 prorsus
894 2700 970 2762 vitio
986 2705 1018 2760 et
1041 2695 1223 2776 suspicione
1247 2711 1353 2758 mres-

269 2787 327 2858 tes,
352 2782 492 2861 vidimus,
515 2785 658 2869 legimns,
683 2790 846 2865 tenuimus,
870 2794 901 2850 et
916 2786 1082 2866 diligenter
1097 2783 1301 2863 inspeximus,
1325 2787 1355 2842 et

269 2868 337 2932 illas
361 2872 393 2934 in
416 2870 496 2935 hano
517 2875 668 2953 publicam
690 2876 871 2956 transumpti
896 2875 1029 2938 formam
1050 2889 1107 2952 per
1130 2871 1356 2951 infrascriptam

270 2957 359 3020 dictae
375 2967 489 3024 nostre
505 2963 767 3027 confraternitatis
782 2963 996 3037 secretarium,
1016 2959 1119 3040 redigi
1134 2959 1355 3028 mandavimus,

267 3045 307 3110 ad
330 3046 505 3110 instantiam
532 3050 683 3130 Capituli,
708 3059 740 3114 et
763 3051 982 3114 canonicorum
1009 3046 1189 3128 collegiata
1210 3046 1356 3109 Ecclesia

268 3131 341 3194 Divi
356 3135 479 3198 hlartini
496 3137 629 3200 civitatis
645 3139 843 3215 Leodiensis,
869 3155 925 3218 pro
943 3136 1195 3201 confraternitate
1210 3133 1356 3197 sacratis-

269 3221 339 3283 simi
364 3221 514 3302 Gorporis
531 3225 656 3288 Domini
680 3227 778 3291 nostri
802 3227 876 3290 lesu
893 3224 1019 3301 Christi,
1046 3221 1195 3303 erigenda
1217 3223 1249 3284 in
1276 3237 1355 3300 pre-

269 3307 349 3370 dicta
366 3309 537 3393 collegiata
553 3313 691 3376 Ecclesia
701 3315 772 3377 Divi
782 3314 905 3376 hlartini
921 3311 1053 3374 civitatis
1061 3308 1262 3373 leodiensis:
1280 3308 1355 3371 Pro-

269 3403 395 3458 curante
411 3400 559 3481 magistro
575 3400 701 3464 domino
718 3402 894 3482 Augustino
910 3399 1096 3480 Blocqnerio
1113 3397 1226 3458 clerico
1239 3395 1354 3458 Leodi-

269 3485 356 3560 ensi;
380 3483 437 3546 Cui
461 3487 585 3565 quidem
609 3489 866 3561 confraternitati,
891 3493 922 3548 et
945 3485 1029 3550 illius
1057 3482 1276 3559 confratribus,
1299 3499 1352 3545 nos

269 3577 473 3649 protectores,
496 3582 527 3636 et
547 3575 811 3639 administratores
838 3577 882 3638 uti
904 3581 997 3638 totam
1013 3576 1109 3654 ipsarn
1127 3579 1262 3634 nostram
1277 3587 1352 3634 con-

269 3659 492 3723 fraternitatem
509 3671 780 3743 representantes,
796 3680 853 3741 per
868 3661 928 3724 hoo
944 3677 1081 3742 presens
1097 3658 1254 3738 publicum
1270 3666 1353 3719 tran-

269 3754 432 3824 sumptum,
448 3751 573 3830 gratias,
590 3757 622 3813 ot
638 3750 846 3831 indulgentias
862 3750 962 3826 nobis,
987 3755 1018 3810 et
1034 3747 1281 3811 confraternitati
1296 3761 1352 3806 no-

269 3837 352 3904 strae,
379 3851 435 3912 per
457 3843 625 3916 presentes
648 3838 765 3900 litteras
782 3855 947 3900 concessas
970 3841 1189 3916 (preterquam
1212 3851 1265 3896 cas
1289 3849 1352 3912 que

270 3919 390 3981 ratione
405 3923 570 3988 stationum
587 3926 677 3987 llrhis
694 3925 866 3996 lucrifiunt)
891 3925 987 4006 gratis
1011 3931 1042 3985 et
1066 3939 1172 3985 amore
1188 3921 1246 3983 liei
1269 3937 1352 3982 conr-

271 4007 477 4070 municamus:
501 4011 646 4074 volentes
662 4016 787 4092 pariter,
801 4013 1014 4088 decernentes,
1028 4012 1101 4074 huic
1113 4009 1258 4090 presenti
1269 4015 1350 4070 tran-

270 4101 391 4173 sumpto
409 4095 536 4158 eandem
552 4099 642 4162 fidem
667 4101 868 4164 adhibendam
885 4099 964 4174 fore,
986 4117 1064 4178 quae
1080 4097 1247 4178 praesentis
1268 4093 1350 4157 litle-

270 4183 315 4244 ris
331 4181 535 4264 originalibus
551 4185 759 4266 adhiberetur,
783 4189 809 4252 si
825 4187 929 4252 forent
944 4185 1113 4265 exhibitae,
1139 4186 1188 4249 vel
1203 4191 1348 4249 ostensae.
