2938 4716
1123 354 1164 422 79

128 537 285 620 reperit22)
316 535 581 613 „commentarium
611 533 733 598 loannis
763 533 846 596 Scoti
872 531 911 596 ad
931 533 1168 598 Pseudo-Arco-

128 640 239 720 pagitae
262 635 461 698 hierarchiam
486 636 678 696 coetestem.“
703 672 745 684 -
772 633 862 716 'typis
884 635 1016 698 nondum
1043 644 1091 698 est
1110 637 1167 699 de-

128 743 281 820 scriptum:
312 743 521 818 praeterquam
551 737 631 817 quod
653 737 751 798 tocurn
773 736 920 816 quendam
945 736 982 798 de
1003 753 1028 798 s.
1048 736 1170 799 Eucha-

129 842 204 903 rtstta
224 857 264 900 ex
288 855 327 900 eo
355 838 475 918 protutit
504 837 680 916 Baedorus,
711 854 798 918 quern
832 836 930 900 tocurn
961 853 1019 900 nos
1053 855 1171 918 quoque

130 959 211 1020 supra
235 951 318 1018 (cap.
346 939 393 1000 tv.
417 945 510 1014 extr.)
531 939 712 1018 exscriptum
731 939 884 1000 habemus.
906 937 996 1000 Cuius
1016 937 1075 1000 loci
1099 955 1172 1000 ora.

130 1042 167 1102 tto
188 1049 233 1102 est
254 1041 327 1101 satis
348 1038 539 1120 Erigeniaoa.
568 1075 609 1086 -
642 1037 688 1100 tu.
709 1039 972 1118 interpretationes
994 1039 1120 1100 Latinae
1142 1046 1173 1101 ct

131 1141 301 1218 ,duratium
314 1139 506 1200 Aristotelis“
522 1145 552 1200 et
573 1139 745 1216 „variarunt
762 1138 938 1200 mirabiliora
951 1139 1173 1202 historiarum.⁴‘

131 1242 177 1304 tuta
195 1243 278 1306 Scoti
301 1259 371 1304 esse
397 1240 512 1302 facilius
534 1246 678 1320 negatur,
714 1257 801 1318 quarn
824 1239 1015 1302 conceditur:
1047 1240 1085 1300 de
1115 1238 1174 1300 hac

133 1361 241 1424 negare
258 1359 320 1402 non
343 1341 486 1402 dubitant.
509 1377 550 1390 -
582 1339 616 1400 V.
637 1340 911 1416 „Commentariun
934 1342 964 1401 in
986 1339 1173 1420 evangelium

133 1443 289 1505 seeundum
311 1441 522 1516 Matthaeurn,“
556 1445 723 1517 „tractatus
744 1441 782 1502 do
806 1439 914 1502 officiis
937 1441 1095 1504 Ιιιιιιιῑιηίειι
1114 1448 1172 1504 etc.

134 1547 186 1605 etc.
206 1543 262 1616 out
284 1539 371 1618 ttoni,
406 1541 527 1621 quando
552 1559 569 1602 a
591 1539 703 1602 Ioanne
726 1541 774 1602 vol
795 1559 812 1602 a
833 1541 925 1604 Sooto
948 1539 1047 1622 atiquo
1069 1543 1173 1623 scripti

134 1643 274 1716 dicantur,
297 1643 439 1702 continuo
463 1659 480 1703 a
510 1640 585 1702 viris
614 1639 721 1717 doctis,
758 1641 808 1722 qui
837 1641 989 1723 opinando
1019 1641 1173 1722 plurimum

134 1743 227 1805 tatere
247 1743 384 1820 soleant,
410 1742 513 1802 loanni
534 1747 638 1802 nostro
661 1741 803 1822 adscripti
824 1742 1001 1805 creduntur:
1031 1751 1173 1806 constare

135 1844 224 1920 enim,
253 1843 322 1906 attis
347 1845 430 1923 ipsos
453 1844 517 1904 tere
540 1843 710 1906 auctoribus
736 1843 861 1920 deberi,
881 1844 988 1923 quibus
1012 1859 1101 1906 unurn
1122 1845 1171 1906 vet

136 1941 248 2006 loannis
269 1943 317 2005 vet
338 1945 421 2007 Scoti
445 1961 555 2006 nornen
577 1961 645 2006 curn
665 1943 775 2006 Nostro
795 1961 953 2007 commune
972 1943 1070 2006 tuerit.
1092 1981 1132 1994 --

140 2117 393 2131 —ffl

167 2219 212 2287 22)
232 2219 265 2272 ct.
283 2219 401 2285 Hoesser,
419 2219 464 2272 die
486 2219 636 2272 deutschen
655 2219 759 2289 Pdpste,
779 2217 859 2270 Abth.
882 2215 916 2282 ll,
938 2235 966 2288 p.
986 2217 1022 2270 80
1040 2233 1095 2288 acq.
