2944 4714
728 237 881 326 ...Q-

264 419 366 490 Sancti
382 419 539 487 Michaelis
554 422 732 504 Antuerpiae
752 420 904 505 requisiti,
927 427 960 486 ut
981 439 1020 485 err
1034 419 1136 486 Beatae
1152 417 1248 500 Evae,
1272 419 1346 485 olim

263 511 296 573 in
311 510 441 573 ccclesia
457 518 562 575 nostra
577 512 727 575 lleclusae
743 517 773 573 et
793 511 930 593 sepultae
946 512 1086 592 corporis
1111 508 1245 585 ossibus,
1268 527 1348 590 quae

263 597 295 660 in
311 599 426 680 capella
440 604 474 660 et
489 598 577 662 altari
592 599 778 662 sanctissimi
793 598 979 663 sacramenti
997 597 1134 677 ejusdem
1149 603 1274 660 nostrae
1290 614 1348 658 ec-

263 683 393 748 clesiae:
417 685 453 747 ab
477 687 559 749 omui
583 685 739 750 homiuum
757 687 929 748 excellente
950 686 1097 748 memoria
1117 683 1289 756 recondita,
1313 703 1351 746 ac

263 772 383 834 tandem
407 791 487 836 anuo
513 771 604 838 tote.
622 773 701 854 junii
724 774 774 836 die
795 780 902 855 quarta
924 773 962 834 ad
978 773 1125 852 majorem
1141 771 1199 834 Dei
1213 771 1349 854 gloriam

263 868 398 924 extracta
414 868 445 922 ct
460 860 578 924 elevata
593 861 728 936 fuerunt,
752 861 842 924 modo
860 861 890 925 in
907 861 1037 943 quadam
1060 877 1129 922 arca
1144 858 1272 922 honoris
1288 875 1351 920 re-

262 947 382 1010 centius
403 947 561 1026 collocata,
585 949 664 1031 apud
690 968 748 1014 nos
771 968 889 1013 summo
912 949 945 1010 in
961 947 1080 1012 honore
1097 953 1127 1010 et
1142 946 1351 1009 veneratione

263 1033 414 1184 pabentur
438 1043 716 1116 etconservantur,
742 1043 858 1118 purtem
883 1035 1014 1117 aliquam
1040 1035 1101 1116 ipsi
1123 1033 1249 1118 elargiri
1274 1031 1352 1096 rel!-

277 1141 372 1186 emus.

349 1212 413 1275 Nos
429 1211 512 1273 illius
528 1211 670 1290 petitioni
685 1213 861 1294 gratificari,
877 1213 993 1294 pioque
1009 1209 1077 1274 zelo
1094 1205 1273 1273 satisfacere
1289 1227 1353 1270 cu-

262 1297 382 1380 pientes
398 1299 573 1360 vertebram
597 1316 689 1361 unum
711 1301 786 1363 satis
809 1303 959 1382 integram
984 1301 1091 1380 spinae
1107 1297 1190 1359 dorsi
1207 1295 1353 1377 ejusdem

262 1387 413 1466 corporis,
429 1385 563 1448 libenter
578 1386 761 1450 indulsimus
778 1394 809 1450 et
828 1387 997 1451 liberaliter
1011 1386 1203 1448 donavimus.
1234 1381 1269 1444 ln
1286 1383 1354 1445 bu-

259 1473 310 1552 jus
334 1474 380 1535 rci
396 1472 485 1534 fidem
502 1474 598 1536 robur
624 1481 654 1535 et
669 1475 875 1539 testimonium
892 1478 1071 1555 praesentes
1086 1470 1203 1534 litteras
1227 1470 1296 1533 lieri
1320 1479 1356 1534 et

261 1575 319 1639 per
336 1559 574 1640 infrascriptum
592 1564 743 1625 notarium
760 1563 914 1644 publicum
929 1561 1092 1637 subscribi,
1117 1557 1277 1640 sigillique
1293 1575 1354 1620 ca-

261 1646 349 1726 pituli
366 1649 462 1712 nostri
483 1646 630 1726 jussimus
645 1651 841 1732 appositione
863 1649 985 1713 muniri.
1023 1649 1132 1710 Datum
1147 1645 1258 1709 Leodii
1282 1645 1352 1726 ipsa

262 1734 369 1818 vigilia
384 1733 515 1799 Paschae
530 1735 587 1798 suh
603 1755 683 1803 anno
700 1739 824 1803 Domini
844 1733 935 1802 1652.
952 1736 1067 1800 mensis
1082 1733 1183 1797 martii
1197 1732 1248 1795 die
1265 1733 1319 1798 30.

262 1939 539 1998 Confundet-nti&
566 1947 672 1997 entre
698 1945 737 1997 le
755 1945 923 2008 cnnprtrc
946 1945 994 1995 de
1013 1942 1283 1994 Salat-illuni·
1300 1941 1351 1993 tle

388 2035 506 2085 'rom
525 2036 563 2085 et
579 2033 679 2102 celui
697 2034 745 2085 tle
763 2031 1031 2086 snut-mutin
1049 2025 1073 2081 ri
1091 2025 1219 2095 latete.

347 2175 540 2241 theobaldus
555 2177 701 2253 decanus,
717 2179 823 2241 l’etrus
838 2175 1058 2253 thesaurarius,
1081 2180 1243 2256 totumque
1259 2172 1349 2254 capi-

262 2263 356 2327 tulum
374 2263 522 2329 ecclcsiae
537 2266 569 2329 Β.
586 2265 707 2330 hiartini
722 2262 923 2341 furonensis,
948 2263 1075 2327 deiectis
1091 2263 1123 2324 in
1140 2261 1265 2324 Christo
1281 2260 1348 2324 fra-

261 2353 359 2414 tribus
373 2353 536 2417 Lambcrto
553 2355 741 2435 praeposito,
764 2351 911 2416 Ewauldo
927 2352 1054 2428 decano,
1077 2351 1198 2432 totique
1212 2347 1347 2428 capitulo

261 2437 294 2502 B.
306 2441 427 2504 llartini
444 2441 602 2507 inheodio
618 2443 748 2506 salutem
765 2447 795 2503 et
810 2439 965 2503 fraternae
975 2438 1110 2501 caritatis
1120 2434 1279 2499 vinculum
1296 2437 1348 2498 iu-

262 2525 452 2591 dissolubile.
481 2529 674 2594 decedentes
690 2529 726 2592 ad
744 2527 904 2591 ecclesiam
920 2532 1055 2590 nostram
1065 2523 1234 2588 Ewauldus
1251 2524 1345 2586 decc-

261 2631 331 2690 nus,
349 2621 380 2676 et
394 2615 545 2679 ilenricus
561 2626 668 2682 cantor
683 2637 750 2680 com
768 2615 947 2696 quibusdam
962 2613 1031 2677 aliis
1045 2611 1205 2676 Ecclesiae
1222 2617 1341 2674 restrae

262 2701 427 2781 canonicis,
443 2703 612 2783 prudenter
628 2713 658 2768 ct
673 2703 831 2786 eleganter
843 2703 932 2769 nobis
948 2707 1178 2784 proposuerunt
1192 2700 1346 2779 antiquam

262 2790 421 2871 utriusque
438 2790 589 2855 ecclesiae
606 2793 837 2868 fraternitatem,
853 2811 870 2855 a
886 2798 1024 2870 tempore
1039 2786 1175 2852 Erraclii
1191 2787 1344 2867 quondam

261 2877 441 2941 Leodiensis
463 2881 619 2962 episcopi,
644 2881 681 2943 ab
702 2877 864 2942 incurabili
889 2877 1016 2954 morbo,
1037 2878 1089 2957 qui
1109 2875 1200 2955 lupus
1224 2873 1348 2950 dicitur,

262 2983 319 3045 per
335 2967 464 3046 gratiam
479 2966 537 3030 Dei
563 2975 593 3030 et
608 2969 717 3031 merita
732 2967 766 3032 Β.
782 2967 904 3029 Martini
927 2967 958 3028 in
975 2963 1106 3028 ecclesia
1122 2967 1227 3027 nostra
1242 2963 1348 3025 'furo-

263 3055 351 3116 ucnsi
367 3054 477 3131 sanati,
500 3062 531 3117 et
554 3062 626 3118 tuuc
649 3057 680 3118 in
697 3054 876 3119 canonicum
904 3054 1031 3132 recepti,
1057 3051 1233 3114 adstrictam
1251 3048 1348 3111 fuisse

263 3147 295 3204 et
310 3141 525 3203 confirmatam.
552 3141 620 3216 Fuit
635 3150 665 3205 ct
680 3163 698 3206 a
712 3144 790 3220 Deo,
805 3149 836 3205 ct
850 3142 882 3205 B.
893 3141 1023 3205 biartino
1039 3139 1209 3219 injunctum
1224 3144 1260 3198 ut
1276 3153 1347 3198 om-

263 3245 319 3290 nes
334 3246 532 3292 successores
548 3230 696 3312 praedicti
711 3231 868 3311 Episcopi,
883 3229 982 3294 nostri
998 3234 1102 3290 essent
1118 3227 1148 3288 in
1163 3230 1346 3306 perpetuum

262 3319 412 3380 canonici.
448 3317 623 3382 Praedictus
646 3337 721 3383 uero
737 3317 908 3399 Episcopus
929 3315 1071 3380 beneficii
1087 3333 1103 3376 a
1119 3313 1185 3376 Dec
1202 3329 1262 3392 per
1277 3329 1342 3372 me-

261 3405 320 3467 rita
336 3404 368 3467 B.
385 3405 507 3466 llartiui
533 3405 591 3468 sihi
608 3407 713 3470 collati
728 3423 790 3467 non
806 3407 978 3479 immemor,
997 3403 1155 3466 Basilicam
1177 3397 1346 3460 inhonore

264 3491 400 3571 ejusdem
418 3493 607 3557 confessoris
623 3496 654 3556 in
671 3493 746 3556 urbe
762 3493 926 3557 leodiensi
943 3491 1125 3566 construxit,
1149 3505 1239 3567 quam
1255 3486 1347 3549 dota-

264 3582 310 3640 uit
326 3580 472 3643 nobiliter
487 3586 518 3643 et
533 3581 659 3658 domuit,
684 3589 716 3644 et
729 3583 895 3646 canonicus
920 3577 1045 3662 triginta
1060 3575 1159 3640 nostri
1175 3573 1295 3636 ordinis
1309 3571 1347 3634 ad

263 3667 461 3730 serviendum
485 3668 552 3730 Deo
576 3675 607 3730 et
631 3669 664 3732 B.
685 3669 814 3733 Martiuc
839 3669 869 3729 in
891 3667 998 3732 eodem
1021 3665 1151 3728 ecclesia
1175 3660 1347 3725 collocarit

262 3753 458 3817 Postmodum
475 3773 530 3835 per
546 3755 769 3818 revelationem
785 3755 842 3818 Dci
859 3763 889 3818 ct
903 3755 1066 3818 B.hiartini
1082 3753 1119 3814 ab
1137 3748 1269 3812 ecclesia
1285 3767 1346 3810 no-

265 3847 328 3902 stra
345 3843 443 3920 petiit,
460 3843 540 3924 quod
557 3842 732 3906 fraternitas
749 3844 828 3905 inter
839 3849 999 3924 utramque
1016 3840 1175 3903 ecclesiam
1190 3835 1279 3898 fueret
1294 3835 1345 3897 in-

263 3927 453 3993 dissolubilis
460 3953 468 4008 ;
486 3948 563 4009 quae
579 3931 701 4011 perlici
717 3930 957 3994 misericordiam
975 3929 1119 4010 usquein
1135 3941 1281 4006 praescus
1293 3922 1345 3984 ri-

264 4017 345 4098 guit3
367 4034 455 4097 quam
472 4016 640 4098 gloriosam
657 4019 877 4081 fraternitatem
893 4019 1035 4080 timentes
1051 4034 1090 4078 uc
1105 4031 1162 4094 per
1178 4010 1343 4094 negligen-

264 4105 346 4184 tiam,
363 4109 394 4166 ct
409 4105 550 4181 injuriam
567 4105 800 4185 dissolveretur,
817 4108 971 4187 petierunt
986 4103 1139 4167 innovari.

351 4191 542 4270 Adjicientes
557 4192 639 4273 quod
654 4193 786 4276 singulis
808 4194 897 4259 annis
919 4195 951 4258 in
966 4193 1046 4256 festo
1060 4192 1094 4256 B.
1109 4188 1260 4253 Barbarae
1273 4181 1343 4248 vir-
