2944 4714
681 243 731 300 bf·

185 445 417 523 mennae
437 453 622 534 medere
642 471 692 512 sau
713 445 927 512 numerere
944 459 993 511 ate
1011 445 1218 518 mentun.

246 601 448 668 Innocentius
470 618 548 685 papa
569 601 637 667 Xil.
673 601 833 670 Univerris
849 603 963 670 Christi
985 603 1128 672 fidelibus
1151 623 1248 686 prae·

161 697 266 756 sanim
288 691 406 754 litteras
429 691 614 772 inspecturis
637 689 768 757 salutem
784 699 818 756 et
830 690 1029 772 apostolicam
1050 692 1247 759 benedictio-

159 795 240 843 nem.
269 778 320 842 nd
342 777 515 858 augendum
541 777 675 842 fidetium
698 777 896 858 religionem,
920 781 1143 844 staminiarum
1157 780 1248 844 min

159 873 233 943 tenu
256 863 436 930 ooelestibus
452 865 603 929 ecclesiae
619 866 773 930 thesauris
796 866 846 948 pia
862 865 1011 932 cbaritate
1032 868 1153 943 intenti,
1174 885 1248 932 om-

159 953 252 1016 nibus
274 955 437 1034 utriusque
457 971 552 1017 sexus
576 950 690 1016 Christi
712 952 855 1016 fidelibus
877 972 954 1018 vere
974 955 1193 1036 paenitentibus
1214 961 1247 1018 et

159 1039 325 1118 confessis,
349 1059 386 1104 ac
404 1058 491 1104 sacra
513 1040 730 1104 communione
757 1039 900 1118 refectis,
929 1041 983 1122 qui
1006 1041 1168 1106 ecclesiam
1190 1059 1250 1106 seu

160 1126 329 1209 cappellam
352 1135 476 1192 sanctae
490 1125 631 1191 Juliauae
656 1129 769 1192 montis
793 1126 951 1202 Cornelii,
978 1145 1076 1211 prope
1100 1136 1132 1192 et
1157 1135 1248 1194 extra

160 1233 265 1280 muros
288 1215 422 1278 civitatis
441 1215 638 1292 Leodionsis,
662 1215 714 1295 qui
738 1211 889 1280 ecclesiae
909 1217 1039 1297 ejusque
1061 1215 1190 1297 capellis
1215 1221 1249 1282 et

161 1301 320 1381 altaribus,
336 1304 405 1366 sive
420 1302 572 1381 omnibus,
597 1303 665 1366 sive
680 1301 823 1382 singulis,
846 1321 976 1383 eamque
990 1320 1046 1368 seu
1061 1323 1116 1368 eas
1131 1302 1181 1367 vel
1197 1321 1247 1382 aa,

161 1391 348 1454 catillarum
371 1407 427 1452 seu
442 1390 566 1454 illorum
588 1388 728 1472 singulas
751 1387 800 1452 vel
821 1389 953 1472 singula,
976 1393 1032 1454 drc.
1052 1390 1248 1456 visitantibus

160 1476 243 1540 nulla
262 1476 322 1540 ulia
344 1476 536 1558 indulgentia
557 1479 712 1559 reperitur
735 1493 902 1554 concessa,
930 1478 982 1542 die
1011 1477 1093 1542 festo
1121 1477 1247 1560 quidem

158 1571 284 1628 sanctae
297 1562 438 1628 Julianus
453 1566 598 1647 virginis,
619 1583 637 1626 a
652 1565 759 1645 primis
775 1568 918 1644 vesperis
933 1582 1033 1645 usque
1048 1565 1086 1630 ad
1101 1583 1246 1630 occasum

159 1651 237 1716 solis
252 1650 313 1714 dici
336 1651 498 1731 ejusmodi,
519 1647 652 1733 singulis
671 1653 760 1714 annis
785 1651 897 1716 devote
918 1653 1123 1730 visitaverint,
1148 1660 1180 1716 el
1202 1652 1246 1716 ibi

160 1755 218 1818 pro
239 1737 475 1804 christianorum
498 1740 682 1821 principium
702 1739 883 1816 concordia,
911 1738 1075 1804 haeresum
1105 1742 1246 1820 extirpa·

161 1827 256 1902 tione,
279 1843 316 1888 ac
334 1833 459 1894 sauctae
481 1827 587 1892 lintris
604 1825 770 1908 Ecclesiae⁸
786 1825 973 1890 exaltatione
998 1827 1065 1906 pias
1085 1827 1122 1890 ad
1146 1827 1247 1890 Deum

159 1930 270 1993 preces
286 1913 484 1992 effunderint,
500 1913 668 1994 plenariam
685 1916 821 1979 omnium
833 1921 1028 1994 peccatorum
1043 1931 1171 1982 suorum
1193 1915 1248 1978 in.
1389 1921 1392 1930 ’

160 1999 349 2079 dulgentiam
370 2008 401 2064 et
425 2002 640 2066 remissionem
663 2001 908 2066 misericorditer
930 2002 961 2064 in
976 2001 1113 2066 Domino
1127 2019 1246 2066 conce-

159 2085 272 2163 dimus,
289 2089 493 2168 presentibus
508 2089 545 2154 ad
557 2089 752 2170 septennium
766 2095 880 2152 tantum
893 2089 1044 2152 valituris.

247 2173 394 2239 Volumus
409 2184 511 2240 autem
526 2183 561 2244 ut
582 2177 610 2242 si
625 2177 701 2240 alias
718 2175 987 2240 christifidelibus
1003 2177 1034 2239 in
1050 2193 1247 2256 quocumque

160 2259 222 2324 alio
243 2264 317 2326 anni
340 2263 390 2326 die
405 2263 516 2328 dictam
532 2265 694 2328 ecclesiam
716 2281 773 2326 sen
788 2262 936 2342 capellam
959 2271 1012 2326 out
1032 2263 1128 2328 altare
1152 2264 1185 2328 in
1206 2280 1248 2326 eo

159 2350 253 2412 eitum
270 2350 464 2414 visitantibus
487 2352 592 2433 aliqua
614 2349 674 2416 alia
689 2350 879 2432 induigentia
905 2369 921 2413 a
943 2357 1105 2431 perpetuu,
1129 2351 1180 2414 vel
1208 2349 1247 2415 ad

160 2441 282 2516 tempus
297 2435 432 2502 nondum
448 2437 585 2520 elapsum
600 2438 757 2515 duratura,
779 2453 929 2502 concessa
944 2437 1048 2516 fuerit,
1069 2435 1119 2500 vel
1134 2438 1162 2502 si
1188 2453 1247 2516 pre

161 2522 385 2604 impetratione,
395 2528 645 2606 presentatione,
660 2525 859 2602 admissione,
873 2543 930 2590 seu
938 2524 1149 2605 publicatione
1162 2541 1248 2606 pra-

159 2609 294 2674 sentium
309 2611 424 2693 aliquid
440 2613 490 2678 vel
506 2615 665 2678 minimum
682 2615 784 2690 datur,
807 2619 860 2676 aut
884 2620 995 2693 sponte
1012 2611 1146 2676 oblatum
1161 2613 1248 2676 reoi-

158 2698 261 2777 piatur
288 2709 458 2779 presentes
485 2701 578 2766 nullo
599 2702 671 2764 sint.
707 2701 819 2765 Datum
843 2701 949 2764 Rome
972 2699 1053 2782 apud
1076 2699 1107 2766 S.
1121 2699 1247 2764 blaviam

157 2785 318 2866 liniarem,
344 2789 402 2853 sub
417 2787 543 2853 Annulo
559 2789 725 2852 Piscatoris
740 2787 792 2851 die
810 2789 849 2852 at
867 2787 1015 2852 februarii
1034 2787 1126 2851 1698.
1163 2788 1249 2852 Pnu-

160 2871 290 3024 ffigatus
315 2877 413 2940 nostri
434 2893 515 2940 anno
538 2877 682 2958 septimo.
730 2875 767 2940 Et
798 2874 878 2938 infra
906 2877 988 2955 sign.
1015 2875 1051 2940 tt.
1077 2873 1249 2938 cardinalis

220 2977 281 3024 ani.

176 3165 359 3221 nouvelle
385 3165 608 3234 aneu-aton
625 3169 674 3223 de
699 3167 739 3221 tra
755 3163 955 3222 confectio
971 3167 1022 3221 nu
1042 3167 1146 3221 utut
1164 3167 1229 3220 Ιι·

370 3259 536 3310 crement
552 3253 579 3309 ὁ
595 3258 695 3310 nette
717 3256 765 3308 do
789 3255 833 3310 lua
849 3257 1029 3312 minerve.
1050 3265 1054 3272 '

246 3400 426 3468 franciscus
442 3401 521 3467 tituli
537 3403 567 3469 S.
583 3401 697 3484 Angeli
721 3403 751 3466 in
778 3402 849 3467 foro
872 3401 1003 3484 piscium
1019 3401 1050 3464 S.
1067 3400 1102 3464 R.
1119 3397 1152 3464 Il.
1169 3397 1249 3462 Dia·

158 3505 257 3552 conns
273 3487 445 3554 cardinalis
466 3491 664 3566 Barberinus,
689 3489 875 3554 venerabilis
893 3487 1251 3552 ,arabiconfraternitatiu

158 3577 344 3639 sanctissimi
360 3579 548 3642 sacramenti
564 3595 659 3658 super
667 3578 836 3640 Minervam
850 3576 890 3640 de
898 3576 980 3640 Urbe
988 3576 1158 3648 Protector,
1176 3574 1249 3638 Au-

159 3659 233 3726 drea
246 3662 438 3730 iustinianus
454 3664 710 3730 Prothouotarius
725 3665 925 3746 Apostolicus
942 3681 982 3725 ox
997 3679 1130 3725 numero
1146 3663 1247 3742 parti-

161 3747 338 3830 cipantium,
356 3749 494 3816 marchio
510 3753 673 3832 Pompeius
682 3752 798 3828 ldutus,
813 3770 850 3816 ao
863 3749 1119 3816 abbaaFubricius
1134 3765 1174 3812 es
1188 3767 1248 3812 co-

159 3833 282 3902 mitibus
296 3859 314 3904 a
328 3839 444 3904 Balueo
461 3839 735 3904 administratores.

247 3923 372 3992 itileetis
398 3925 605 3992 confratribus
637 3927 899 3991 confraternitatis
921 3923 1108 3989 sanctissimi
1135 3925 1248 3990 samo·

158 4011 254 4076 rneuti
282 4013 314 4076 in
330 4014 501 4096 collegiata
523 4013 663 4078 Ecclesia
684 4016 716 4080 S.
743 4015 866 4078 biartiui
887 4013 1027 4076 Civitatis
1049 4011 1248 4084 Leodiensis,

158 4098 289 4164 minum
313 4102 345 4164 iu
369 4101 502 4167 Domino
526 4103 760 4183 sempiternam,
786 4099 1110 4165 archiconfralcrnitas
1129 4103 1249 4172 nostra,

158 4203 226 4252 urm
246 4188 330 4253 iuter
351 4187 412 4256 alia
426 4189 600 4275 pririlepia,
623 4189 734 4269 unibus
761 4207 778 4252 a
795 4188 876 4254 Sede
892 4187 1074 4269 Apostolioa
1100 4184 1250 4250 decorata
