2934 4710
293 342 354 407 110

290 533 316 580 s.
336 515 473 579 Ternarii
500 529 562 576 non
592 511 727 595 potuisse
760 509 897 574 omnibus
925 509 1001 574 locis
1030 509 1163 574 retinere
1188 515 1335 594 recteque

290 616 524 777 exltllffimus
542 712 632 793 igitur
658 714 766 772 cuncta
796 707 845 772 illa
878 715 1072 790 argumenta,
1103 725 1227 791 quornm
1250 725 1334 792 pon-

287 815 370 877 ·dere
402 813 594 878 Scblueterus
623 826 686 871 non
722 808 817 872 solum
847 808 1056 887 Goerresinm‚
1089 811 1142 870 sed
1158 825 1231 870 *una
1263 826 1333 870 cum

292 912 457 976 Goevresio
493 909 548 988 (cl.
571 927 599 990 p.
622 907 718 986 xlv.)
742 908 850 985 etiam,
872 908 1040 987 quicunque
1061 927 1189 988 unquam
1209 909 1332 972 Scotum

289 1011 470 1095 pantheismi
492 1015 682 1090 accusarunt,
702 1009 777 1072 satis
796 1025 945 1089 superque
967 1009 1024 1072 sibi
1043 1009 1333 1090 repressisse-visus

290 1121 345 1179 eat.
360 1143 409 1164 ··-
428 1149 471 1163 —

759 1304 788 1372 p.
810 1291 862 1354 ld.

373 1412 435 1477 Nos
465 1418 564 1475 nutem
594 1411 672 1473 baec
702 1415 877 1491 argumenta
898 1413 956 1470 tam
982 1407 1142 1491 diligenter
1163 1408 1330 1490 descripsi.

289 1528 366 1591 mus,
388 1529 448 1574 non
472 1530 531 1593 quo
561 1513 680 1574 multum
710 1511 747 1572 iis
778 1509 902 1571 velimus
925 1510 1077 1586 tribuere,
1099 1508 1130 1571 ld
1152 1509 1232 1588 quod
1254 1527 1332 1591 pro-

290 1613 382 1689 lecto,
401 1629 489 1692 quum
510 1618 572 1674 tota
593 1611 743 1692 Erigonae
764 1608 919 1689 disciplina
941 1609 999 1670 iam
1033 1611 1202 1672 accuratius
1232 1627 1249 1671 a
1272 1627 1333 1671 no-

290 1713 337 1775 bis
359 1710 504 1792 explicata
525 1709 623 1788 luerit,
642 1725 771 1771 necesse
791 1724 852 1770 non
875 1713 930 1784 est,
952 1707 1005 1769 sod
1030 1710 1155 1788 nequis
1178 1724 1333 1790 arrogan-

290 1815 351 1876 tiae
371 1830 428 1876 nos
450 1818 591 1891 accuset,
614 1829 669 1890 ea,
700 1810 806 1892 quibus
842 1809 952 1890 aliquid
979 1809 1139 1885 tribuatur,
1162 1811 1214 1872 vix
1237 1809 1332 1891 digna

290 1931 371 1992 esse,
393 1913 621 1976 contendentes.
1386 1897 1388 1902 ’

372 2014 394 2076 1.
437 2013 627 2093 Quantopere
649 2010 751 2093 igitur
774 2017 818 2086 (ς.
839 2010 908 2086 44.)
930 2008 1082 2071 Goerresii
1103 2009 1255 2070 accusatio
1273 2006 1334 2069 de-

290 2119 413 2192 pravata
441 2120 488 2175 est
521 2121 610 2192 atque
645 2110 794 2178 mutilata!
842 2110 871 2172 ls
892 2111 969 2171 enim
991 2110 1065 2171 satis
1086 2116 1199 2189 aperte,
1219 2109 1269 2189 qni
1292 2111 1333 2171 sit

289 2213 339 2275 ille
360 2213 581 2294 particiones,
614 2215 644 2275 in
664 2229 752 2293 quem
771 2211 927 2272 incidisset
947 2211 1089 2291 Erigone,
1111 2210 1331 2290 declaraverat,

290 2332 378 2394 quum
403 2317 442 2377 ita
472 2316 602 2391 diceret,
624 2312 846 2392 „Areopupe'toe
873 2312 960 2374 ideas
979 2310 1166 2374 evolventem
1199 2330 1265 2374 eum
1297 2314 1331 2374 ln

289 2415 469 2494 pantheismi
491 2415 653 2495 periculum
674 2414 865 2476 incurrisse.“
918 2415 1016 2492 Atque
1041 2412 1101 2475 boc
1131 2413 1236 2493 ipsum,
1257 2412 1331 2476 licet

289 2517 319 2576 in
342 2514 400 2576 bae
421 2531 511 2577 causa
525 2513 729 2594 diiudicanda,
750 2520 783 2591 ut
806 2522 850 2592 (§.
873 2515 921 2590 92,
942 2519 968 2588 §.
992 2513 1032 2576 40
1053 2551 1095 2562 -
1115 2522 1143 2591 §·
1167 2513 1234 2588 13.)
1255 2514 1331 2575 satis

289 2616 414 2694 copiose
434 2615 715 2692 demonstravimus,
736 2614 827 2695 longe
847 2614 966 2675 maximi
978 2613 1016 2675 sit
1036 2615 1189 2690 momenti,
1198 2612 1331 2676 Scblue-

288 2719 369 2775 torus
393 2713 534 2795 neglexit.
577 2714 680 2793 Neque
693 2713 773 2776 illam
792 2715 937 2790 iniuriam,
957 2715 1022 2776 sive
1044 2731 1103 2794 quo
1126 2714 1184 2775 allo
1207 2715 1331 2776 nomine

288 2831 351 2875 rem
374 2811 522 2894 appelles,
558 2814 677 2894 impune
707 2815 816 2893 tulerit,
840 2821 999 2894 propterea
1021 2812 1101 2893 qnod
1121 2811 1177 2874 bac
1194 2831 1237 2891 re,
1260 2813 1331 2893 opi-

288 2931 408 2991 namur,
439 2913 548 2975 lactum
571 2921 635 2992 est,
656 2921 688 2978 ut
709 2914 1120 3000 doctrinamllirigenianam
1140 2913 1328 2993 pantheismo

287 3018 405 3094 penitus
437 3014 601 3094 inlectam,
629 3014 810 3078 Pantbeismi
832 3013 916 3094 culpa
936 3015 1083 3094 putaverit
1104 3013 1330 3078 absolvendam.

286 3114 419 3194 Namque
439 3113 508 3178 illae
527 3116 611 3194 ipsae
634 3133 696 3193 res,
717 3132 791 3196 quas
814 3133 832 3177 a
853 3113 1040 3194 pantlneismo
1063 3111 1246 3194 Erigeniano
1268 3132 1328 3176 una

287 3231 354 3275 cum
382 3217 531 3277 commoni
556 3215 726 3294 bominum,
760 3215 810 3296 qui
830 3221 914 3277 reete
936 3214 1089 3288 iudicant,
1110 3213 1251 3294 loquendi
1272 3231 1328 3276 usu

288 3313 392 3376 doceri
427 3321 515 3396 atque
536 3315 611 3378 sumi
632 3333 694 3378 non
719 3315 814 3378 solum
833 3334 941 3397 posse,
963 3331 1066 3377 verum
1094 3317 1182 3376 etiam
1213 3314 1327 3377 debere

287 3419 334 3487 (q.
359 3412 401 3475 40
423 3450 459 3464 -
482 3423 509 3490 §.
534 3415 602 3493 43.)
632 3414 836 3493 ostendimus,
867 3413 944 3496 qu'ae
965 3416 1112 3478 neminem
1134 3413 1272 3496 prolecto
1296 3416 1327 3476 in

286 3511 437 3594 Erigonae
477 3513 614 3577 doctrina
644 3514 799 3577 ollbndere
832 3514 1013 3594 debuerant,
1039 3513 1224 3590 Scbluetero‚
1243 3521 1275 3576 ut
1297 3517 1327 3577 in

287 3610 465 3675 defensione
505 3633 559 3677 sua
601 3615 787 3696 apertissime
824 3613 1005 3693 declaravit,
1044 3614 1136 3676 verba
1170 3614 1327 3676 dederunt.

286 3713 372 3785 Quod
395 3714 473 3776 baud
496 3717 606 3777 scimus
637 3734 675 3778 nn
713 3715 823 3778 laetum
843 3733 903 3778 non
924 3722 1022 3793 esset,
1045 3715 1113 3776 dum
1134 3715 1204 3777 illud
1226 3717 1327 3780 Goer-

286 3815 359 3875 rcsii
384 3815 539 3894 monitum,
559 3821 591 3878 ul
613 3835 737 3898 aequum
762 3816 826 3895 luit,
851 3814 1021 3898 diligentius
1045 3823 1190 3878 curasset.

368 3911 403 3973 ll.
448 3914 525 3988 Quid
548 3921 643 3977 autem
668 3915 716 3978 illa
736 3915 790 3991 (cl.
814 3929 842 3996 p.
866 3916 949 3994 lap:
972 3917 1151 3998 ᾖ[0ῐί86110)
1173 3915 1326 3996 pantbeis·

284 4029 363 4074 mom
386 4013 548 4094 profitetur,
569 4033 656 4096 quum
679 4013 788 4098 λόγον,
810 4017 858 4080 dei
880 4017 1210 4110 filiurn,ernanentcma
1231 4021 1325 4098 patre,
