2934 4710
1110 371 1166 434 ΙΙΙ

131 553 236 616 docuit
261 567 450 633 „perversum
472 552 558 614 istum
592 557 720 628 motum,
753 549 833 630 quod
855 558 1010 631 peccatum
1030 552 1169 634 appellet,

130 669 168 716 eo
194 652 400 732 contendere,
435 658 484 728 ut,
515 652 624 714 divinis
656 657 687 714 et
719 669 792 714 vere
825 651 1013 716 manentibus
1044 652 1169 730 relictis,

130 757 210 818 adeo
232 753 274 817 ad
307 755 401 836 ipsum
433 754 557 818 nibilum
591 754 775 833 parveniat«
797 753 843 815 sic
866 753 955 814 etiam
976 751 1110 815 inlibris
1131 754 1170 815 de

131 855 191 918 diu.
221 862 349 918 naturae
384 853 527 918 babetur:
574 853 701 932 „Malitia
737 859 784 914 est
816 853 935 914 animae
961 851 1171 916 intellectualis

130 957 310 1018 naturalium
339 955 505 1018 bonorum‘
538 954 586 1033 (b.
617 969 645 1014 a.
667 969 875 1034 communae
896 958 1071 1032 veresunt)
1093 953 1172 1030 „ob-

129 1055 201 1119 livio
224 1054 316 1118 etad
350 1056 440 1118 linem
471 1057 625 1117 insitarum
665 1060 789 1117 naturae
816 1053 954 1116 virtutum
988 1054 1173 1134 operationis

132 1158 271 1219 delectus
303 1156 538 1235 naturaliumque
575 1157 772 1236 potentiarum
800 1171 855 1234 per
883 1152 1033 1216 fallentem
1055 1155 1174 1217 iudicu-

132 1258 244 1320 tionem
267 1257 296 1318 ln
321 1255 401 1318 aliud
432 1263 551 1336 praeter
579 1255 667 1318 linem
689 1253 902 1318 irrationabilis
922 1261 1028 1318 motus.
1070 1255 1173 1318 Finem

134 1376 207 1420 vero
239 1358 311 1420 dico
345 1375 461 1432 eorum,
495 1373 573 1438 quae
602 1363 689 1434 sunt,
718 1363 857 1418 oausam“
892 1355 938 1433 (b.
970 1373 997 1418 a.
1030 1354 1121 1432 deus,
1141 1361 1173 1418 ut

133 1458 218 1538 „lons
242 1459 340 1520 omnis
360 1473 453 1520 verae
474 1460 643 1520 essentiae“
674 1458 743 1536 [lV,
780 1460 815 1534 13
835 1456 884 1534 ΙΙΙ,
905 1457 967 1537 Ι]),
987 1473 1091 1537 „quarn
1114 1475 1173 1518 na·

134 1559 269 1620 turaliter
288 1565 428 1638 appetunt
448 1559 564 1620 omnint
584 1595 626 1608 --
648 1575 753 1638 „quum
775 1556 854 1620 nulla
868 1561 1005 1620 creatura
1026 1557 1075 1634 stt,
1095 1573 1173 1637 quaa

135 1659 203 1734 velit
240 1656 290 1720 vel
320 1664 438 1738 appetat
470 1658 541 1720 nibil
580 1675 662 1737 esse,
693 1675 753 1720 nec
773 1656 935 1739 fugiatne
958 1658 987 1718 ei
1009 1659 1173 1739 contingat,

132 1777 193 1822 non
214 1763 368 1838 essaltpss
391 1793 427 1808 -
451 1761 503 1837 (V,
525 1759 566 1824 96
586 1759 652 1845 [ed.
673 1759 729 1822 Ox.
751 1777 780 1840 p.
795 1757 901 1838 1956];
924 1757 960 1838 ll,
979 1758 1027 1836 3.)
1048 1797 1089 1810 -

231 1861 293 1922 Sed
328 1860 404 1922 baec
438 1859 601 1922 hactenus:
629 1877 697 1922 nam
728 1859 803 1922 satis
825 1859 890 1921 lusa
915 1857 1092 1938 explicatum
1114 1865 1172 1937 est,

139 1977 220 2038 quam
256 1961 366 2023 Scotus
395 1963 515 2041 proprie
548 1961 657 2023 babeat
690 1962 844 2022 notionem
865 1958 1008 2034 nialitiae3
1031 1961 1172 2038 itemque,

137 2069 282 2139 quatenus
313 2068 360 2124 est
392 2061 522 2160 malitiae
551 2063 706 2142 opposita,
741 2059 869 2126 virtutis.
910 2057 1109 2120 Transeamus
1133 2055 1171 2122 atl

135 2159 256 2241 reliqua.
505 2177 508 2180 ·

231 2261 264 2323 Β.
308 2261 328 2322 Ι.
371 2260 497 2339 „ttattttn
520 2255 807 2326 consummationem
831 2263 969 2343 accipiat,
990 2267 1019 2322 et
1041 2263 1070 2322 in
1093 2259 1172 2322 nulla

136 2371 239 2424 natura
261 2363 436 2424 remanebit.
486 2363 532 2424 Ac
551 2379 605 2441 per
625 2361 684 2426 boc
706 2373 813 2426 natura
844 2369 947 2426 nostra
971 2379 1031 2424 non
1054 2377 1173 2440 semper

135 2463 242 2524 malitia
268 2462 463 2540 detinebitur,
497 2463 551 2524 sed
582 2463 663 2526 linito
685 2465 766 2526 omni
787 2463 882 2527 malot
904 2463 950 2537 (b.
971 2467 1100 2524 emolu
1121 2459 1172 2526 illo

136 2579 297 2641 perverso,
329 2564 378 2642 qui
410 2564 448 2625 ud
480 2573 693 2642 „non-esset<
727 2566 832 2644 tendit)
856 2564 910 2644 „ad
936 2565 1045 2626 bonum
1067 2579 1173 2626 rever·

137 2679 204 2726 sura
227 2671 301 2724 est.“
323 2701 364 2714 --

220 2766 319 2843 „Sicut
349 2767 431 2828 enim
465 2769 568 2830 umbra
593 2775 702 2846 terrae,
723 2768 946 2831 coarctantibus
971 2785 1036 2830 eam
1058 2765 1172 2829 solari-

137 2861 191 2925 bus
212 2864 314 2940 radiis‚
345 2869 464 2929 tandem
499 2871 616 2949 penitus
638 2869 753 2931 delicit:
773 2871 818 2932 sic
839 2869 958 2946 malitia,
982 2886 1058 2948 quae
1081 2867 1171 2930 veluti

138 2963 280 3043 quaedam
312 2969 415 3030 umbra
449 2968 623 3033 delictorum
665 2977 833 3033 nostrorum
873 2977 1005 3033 nostram
1044 2974 1172 3048 occupat

137 3073 288 3144 naturam,
321 3069 501 3131 abundantia
542 3077 682 3132 aeternae
729 3071 868 3134 bonitatis
905 3069 1107 3132 coarctabitur
1142 3073 1172 3130 et

138 3169 256 3230 omnino
280 3169 455 3250 abolebitur,
479 3173 546 3236 dum
568 3171 788 3235 irrationabiles
803 3173 920 3234 animae
934 3167 1171 3233 bumanae⁰mo-

140 3273 184 3328 tus
205 3269 242 3330 ad
265 3271 459 3334 rationabiles
481 3275 615 3336 veritatis
641 3271 765 3335 allectus
784 3278 1024 3334 convertenturss
1047 3305 1086 3320 -

173 3464 217 3533 33)
237 3469 283 3522 Eat
308 3477 396 3522 autam
429 3469 480 3524 hoc
507 3470 566 3522 luco
596 3470 791 3523 attendendum
811 3471 844 3522 ad
865 3487 905 3534 ea,
925 3487 995 3541 quae
1016 3470 1051 3522 rle
1069 3471 1169 3521 murit-

232 3557 380 3627 prianordd.
405 3567 488 3628 atque
521 3560 634 3628 ipsarum
654 3559 793 3610 effectibus
814 3568 876 3610 sunt
894 3559 979 3610 allato:
997 3557 1061 3610 illae
1082 3573 1170 3608 aarum

232 3645 349 3696 omnium
371 3661 456 3696 rerum
473 3645 651 3698 substantium
664 3649 813 3708 continent,
833 3645 869 3706 ht,
888 3648 909 3698 ai
930 3647 989 3716 quia
1010 3664 1057 3698 eos
1075 3661 1123 3714 per
1141 3661 1170 3696 aa

232 3729 450 3794 consideraverit,
478 3733 545 3782 nihil
577 3750 633 3783 esse
662 3734 795 3784 dicuntur.
842 3733 903 3804 Quo
933 3733 970 3790 ΙΙΙ,
993 3742 1031 3798 ut,
1050 3749 1119 3802 quae
1137 3749 1170 3784 ax

234 3817 286 3868 tttta
306 3819 382 3887 quasi
402 3819 507 3887 lougius
527 3823 605 3870 etiam
628 3819 751 3871 recedere
771 3829 852 3889 atquo
873 3819 967 3871 luorum
986 3821 1065 3884 viarm,
1084 3827 1114 3870 ut
1133 3819 1169 3870 tta

238 3903 372 3969 dicamus,
404 3908 505 3958 nemora
534 3910 613 3958 etiam
646 3912 736 3958 urrimo
769 3910 891 3976 persequi
924 3906 1107 3970 contendunt,
1134 3905 1169 3958 ad

235 4001 405 4053 „non-ease“
425 3993 567 4058 festinent3
588 4013 658 4066 quina·
678 4003 778 4050 caantra.
799 3997 898 4046 relictis
915 3997 1001 4045 causis
1022 3993 1167 4064 primordd.

238 4078 272 4129 ad
290 4081 361 4150 ipsas
380 4081 465 4134 redire
487 4093 629 4146 maturant,
652 4099 742 4134 revera
760 4081 794 4134 etl
815 4091 910 4147 ,μεθ’
924 4091 1079 4152 properent.
