2938 4716
252 309 292 372 bil

250 497 300 553 aut
319 492 450 570 ipsorum
478 487 611 569 periculo
641 492 692 549 aut
712 487 897 552 Christianae
924 489 1079 572 religionis
1107 489 1289 554 detrimento

250 592 422 672 legerentur
430 591 486 666 ⁵0).

333 689 463 769 Uterque
484 689 567 752 Scoti
589 688 779 750 adversarius
800 689 907 752 eodem
930 689 993 752 lere
1014 689 1105 753 modo
1127 707 1190 752 rem
1213 707 1291 772 ges-

247 790 294 854 sit.
339 790 515 852 deotissime
547 794 634 867 atque
668 805 723 868 per
753 789 886 869 singulas
913 807 1010 870 paene
1039 791 1202 853 sententias
1224 791 1291 852 eius

248 893 375 973 vestigia
397 895 566 970 prementes
580 887 713 965 simulac,
734 905 810 968 quae
823 908 839 950 a
854 907 927 952 vero
939 890 1103 953 abhorrere
1118 889 1291 967 videantur,

180 971 184 986 ’
248 990 516 1073 deprehenderem,
540 1005 575 1049 ea
596 989 790 1051 acerbissime
812 995 925 1052 notant
968 991 998 1053 Si
1026 1005 1083 1070 qua
1113 989 1144 1052 in
1163 1005 1198 1051 re
1219 988 1291 1051 dia-

223 1119 225 1127 ·
247 1093 419 1156 lecticorum
435 1089 546 1169 regulis
560 1075 780 1170 repugnaverit,
802 1091 915 1171 regulis
931 1089 1106 1168 dialecticis,
1121 1089 1167 1151 sin
1178 1104 1291 1152 sacro-

246 1211 310 1258 rum
333 1190 490 1252 bibliorum
513 1189 560 1250 vel
582 1196 694 1270 potrum
715 1189 988 1252 ecclesiasticorum
1011 1192 1178 1254 auctoritati
1190 1192 1289 1252 minus

248 1290 454 1370 consenserit,
483 1288 587 1350 borum
614 1289 745 1369 ipsorum
779 1290 954 1354 testimoniis
976 1307 1043 1352 eum
1063 1290 1287 1374 aggrediuntur.

246 1391 370 1470 Saepius
383 1390 481 1466 etiam,
496 1407 572 1470 quae
587 1389 692 1451 Senius
713 1390 921 1454 ratiocinando
938 1390 1097 1471 ellecisset,
1111 1392 1289 1455 testimoniis

246 1491 529 1570 auctoritatibusque
551 1492 694 1570 oppositis
714 1490 898 1572 redarguere
920 1499 1075 1555 conantur.
1096 1493 1158 1556 Nee
1180 1493 1291 1556 desunt

245 1592 316 1670 loci,
334 1592 395 1668 ubi,
409 1592 452 1654 ira
466 1589 582 1652 ob'eius
594 1607 713 1652 errores
726 1591 849 1671 abrepti,
872 1593 1016 1656 conviciis
1030 1611 1096 1656 eum
1118 1593 1292 1656 dilacerare

246 1709 307 1754 non
330 1691 472 1753 dubitent.
501 1691 529 1753 S.
546 1689 663 1770 quidem
678 1691 862 1772 Prudentius,
885 1710 943 1774 quo
957 1693 1026 1758 loco
1040 1696 1291 1758 Sootusoonten-

246 1793 288 1854 dit
295 1795 349 1868 ⁵⁷).
362 1792 472 1869 ,ileum
484 1790 636 1869 praescire
650 1789 709 1852 dici
720 1808 811 1870 posse
823 1809 877 1873 pro
890 1793 1026 1855 nescire:
1043 1794 1083 1856 ita
1095 1795 1183 1857 etiam
1194 1811 1291 1876 prae-

246 1894 396 1957 destinare
419 1909 473 1972 pro
496 1908 556 1952 non
578 1891 821 1971 praedestinaret
836 1927 876 1944 -
897 1893 955 1956 hoo
980 1895 1070 1956 modo
1093 1897 1124 1958 in
1147 1911 1214 1958 eum
1234 1895 1291 1957 in-

245 1994 380 2057 vebitur:
402 1993 445 2073 ,0
467 1993 618 2075 ingenium
641 1995 767 2056 venenis
788 1994 948 2064 iniectum!
970 2011 989 2058 o
1009 2013 1130 2059 sensum
1150 2013 1288 2060 errorum

244 2097 378 2158 tenebris
395 2094 666 2174 incomparabiliter
681 2095 886 2158 obscuratum!
909 2111 1055 2176 nunquam
1072 2099 1179 2178 quippe
1196 2098 1290 2160 etiam

246 2193 465 2258 baereticorum
500 2194 640 2274 quislibet
675 2202 742 2256 ante
776 2201 805 2256 te
838 2197 917 2257 bunc
939 2195 1085 2259 netarium
1106 2197 1287 2260 intellectum

245 2296 372 2358 admisit.
421 2292 522 2358 Nullus
555 2293 774 2356 catholicorum
808 2295 911 2357 saltem
933 2302 1032 2358 mente
1053 2298 1211 2378 concepit,
1241 2303 1288 2363 uta

243 2397 340 2459 neum
360 2396 439 2456 scire
460 2410 514 2474 pro
537 2409 586 2469 eo,
607 2393 685 2474 quod
712 2401 757 2454 est
781 2396 916 2472 nescire,
939 2402 969 2457 et
986 2395 1212 2476 praedestinare
1228 2414 1288 2479 pro

247 2512 297 2574 eo,
319 2494 398 2576 quod
420 2499 546 2556 estnon
570 2494 806 2574 praedestinare,
827 2503 877 2557 aut
897 2495 1099 2578 intelligerent
1112 2499 1290 2561 autlntelli-

247 2593 379 2676 gendum
399 2591 587 2656 suaderent«
629 2593 726 2673 Atque
754 2594 908 2657 innumera
939 2596 1086 2659 eiusmodi
1106 2596 1185 2661 dicta
1205 2599 1236 2661 in
1258 2615 1288 2664 s.

249 2693 400 2757 Prudentii
422 2692 499 2756 libro
514 2694 710 2772 reperiuntur.
741 2693 877 2756 Ecclesia
899 2702 996 2758 autern
1018 2696 1226 2778 Lugdunensis
1246 2715 1290 2762 ne

243 2799 354 2877 postea
375 2793 492 2874 quidem
515 2811 580 2854 oum
601 2795 692 2856 Soolo
714 2812 774 2856 non
799 2796 928 2858 bellavit.
971 2798 1000 2860 S.
1024 2799 1103 2858 enim
1123 2799 1289 2880 Remigius,

250 2894 493 2974 archiepiscopus
505 2891 722 2974 Lugdunensis,
744 2913 831 2976 quum
855 2902 1011 2975 praeesset
1028 2897 1158 2959 concilio
1171 2898 1289 2960 Valen-

183 2993 187 2998 ’
248 2998 311 3060 tino
332 2995 427 3075 (quod
449 3010 528 3056 anno
549 2994 692 3057 DCCCLV
711 3014 728 3057 a
744 2995 966 3075 quatuordecim
988 2999 1137 3078 episcopis
1154 2999 1289 3062 habiturn

242 3102 329 3173 est),
365 3099 398 3156 ui
427 3094 508 3156 Scoti
541 3093 674 3157 doctrina
697 3095 786 3164 etiarn
808 3096 845 3155 ab
866 3095 923 3158 hoc
944 3095 1061 3177 synodo
1086 3099 1289 3176 damnaretur,

251 3195 360 3258 ellecit.
403 3193 476 3257 Sunt
502 3194 591 3275 igitur
619 3196 650 3257 in
678 3193 764 3257 huius
795 3195 904 3276 synodi
935 3197 1099 3260 canonibus
1133 3215 1198 3260 cunr
1227 3197 1289 3261 alin

252 3297 397 3361 adversus
418 3295 538 3357 Scotum
560 3293 648 3370 dicta,
668 3301 726 3356 tum
746 3313 818 3357 vero
841 3295 987 3374 laecttpr
1019 3296 1154 3378 ,ineptas
1190 3315 1290 3379 quae-

252 3395 414 3458 stiunculas
435 3401 466 3456 et
487 3393 581 3456 aniles
601 3411 698 3475 paene
720 3395 835 3456 tabulas
854 3395 1070 3475 Scotorumquo
1091 3397 1197 3476 pultes,
1227 3414 1287 3477 pu.

250 3495 330 3557 riteti
351 3493 419 3557 lidei
442 3511 582 3556 nauseam
604 3495 766 3556 inserentes
786 3531 827 3544 -
848 3529 888 3542 -
910 3513 948 3556 ne
971 3502 1085 3558 mentes
1099 3496 1290 3560 Christianae

252 3593 323 3657 inde
357 3601 582 3673 corrumpantur
615 3601 645 3656 et
671 3595 811 3656 excidant
843 3611 860 3656 a
890 3594 1077 3677 simplicitate
1095 3603 1124 3660 et
1147 3599 1288 3660 castitate

255 3755 556 3772 nun-m

186 3827 198 3850 '
274 3841 333 3909 ab)
352 3842 387 3893 ei.
408 3842 506 3896 Ecclet.
528 3843 609 3911 Lugd.
630 3842 679 3899 lib.
700 3845 784 3913 prees.
803 3844 853 3898 ll.
869 3862 895 3914 p.
913 3842 963 3896 fill
984 3843 1019 3896 tl.

286 3929 386 3999 bilei.
404 3929 520 3982 a'l'rud.
540 3931 585 3982 ll.
603 3947 629 4000 p.
649 3933 701 3984 519
720 3931 742 3982 ll
765 3947 821 4002 req.

277 4017 332 4086 bb)
352 4013 387 4070 ei.
406 4017 489 4070 Coraca
509 4014 613 4070 Vale'nt.
632 4017 705 4088 apud
724 4019 820 4071 Menai.
840 4019 858 4071 l.
872 4018 890 4070 Ι.
910 4025 975 4071 tom.
996 4015 1053 4081 xi,
1070 4016 1121 4068 col.
1143 4015 1155 4065 l
1182 4031 1238 4085 req.
