2944 4714
605 246 760 342 Q

135 435 306 520 injudicio
321 441 352 500 et
367 441 466 514 extra,
481 433 683 500 adhibendam
699 433 779 515 lore,
802 451 870 518 que
886 432 1003 500 eisdem
1018 433 1224 517 presentium

135 527 350 599 adhiberetur,
365 524 512 589 silerent
527 523 683 602 exhibite,
699 523 750 588 vel
766 531 907 588 ostensae.

226 612 378 687 Quocirca
398 611 630 676 venerabilibus
649 613 795 676 tratribus
821 611 936 675 nostris
951 609 1107 675 universis
1122 609 1223 674 Patri-

14 743 17 774 ,
137 699 254 779 arcbis,
275 699 531 780 archiepiscopis
546 706 577 762 et
591 697 765 782 Episcopis,
788 719 825 763 ac
849 699 970 763 dilectis
996 697 1076 762 sullis
1088 697 1224 763 Abbati-

138 789 207 863 bus,
224 794 255 852 ct
269 786 339 850 aliis
354 789 499 868 personis
515 787 548 850 in
560 787 709 868 dignitate
722 785 932 851 ecclesiastica
944 787 1130 861 constitutis,
1147 801 1225 849 nec-

14 909 18 948 ,
139 893 202 939 non
225 873 530 955 Metropolitanarum
552 881 583 937 et
612 875 740 938 aliarum
766 873 996 938 cathedralium
1023 870 1224 937 ecclesiarum

137 962 316 1040 mannisis,
339 979 376 1024 ac
399 961 547 1024 erundem
571 961 829 1040 Patriarebarum,
853 960 1167 1044 Archiepiscoporum
1195 965 1227 1024 ot

138 1047 363 1131 Episcoporum
379 1049 511 1112 vicariis
526 1049 557 1112 in
573 1049 793 1129 spiritualibus,
819 1057 851 1112 et
865 1048 1048 1113 officialibus
1064 1046 1225 1130 generali-

139 1137 200 1200 bus
216 1135 345 1199 ubilibet
355 1137 541 1214 constitutis,
557 1153 614 1217 per
629 1136 799 1216 apostolica
810 1137 925 1218 scripta
940 1135 1130 1215 mandamus,
1145 1153 1225 1217 qua-

140 1231 232 1286 tenus
254 1223 326 1303 ipsi,
350 1223 400 1285 vel
421 1221 494 1300 duo,
517 1229 569 1286 aut
583 1241 662 1287 unus
679 1242 798 1300 corum,
821 1241 878 1308 per
900 1241 946 1300 se,
970 1221 1020 1286 vel
1043 1221 1146 1300 alium,
1169 1241 1226 1307 seu

14 1353 19 1394 ς
102 1323 111 1334 ·
140 1309 230 1388 alias,
253 1317 422 1390 presentes
438 1311 556 1374 litteras
572 1314 649 1374 etin
666 1312 713 1376 eis
726 1318 871 1376 contenta
887 1325 1099 1393 quaecumque,
1122 1311 1176 1372 ubi
1193 1315 1226 1374 et

83 1441 87 1450 -
142 1395 264 1478 quando
281 1415 360 1479 opus
376 1397 481 1475 luerit,
504 1416 540 1460 ac
555 1399 677 1478 quoties
697 1417 756 1480 pro
772 1406 858 1480 parte
881 1399 1069 1464 contratrum
1097 1397 1225 1461 contra-

142 1485 294 1548 ternitatis
314 1486 511 1548 sacratissimi
533 1486 673 1566 corporis
691 1487 805 1550 Christi
828 1488 860 1549 in
882 1485 1013 1550 ecelesia
1034 1486 1074 1549 de
1088 1485 1227 1550 blinerva

14 1619 20 1658 ς
140 1573 298 1636 institutae
314 1571 489 1652 hujusmodi
505 1589 562 1654 pro
588 1579 727 1654 tempore
744 1574 942 1638 existentium
963 1572 1096 1654 desuper
1111 1573 1228 1636 luerint

139 1661 296 1740 requisiti,
318 1663 500 1724 solemniter
515 1659 716 1740 publicantes,
739 1663 847 1742 eisque
863 1663 894 1724 iu
911 1661 1077 1744 premissis
1094 1659 1227 1724 efficacis

14 1798 20 1838 ς
142 1747 334 1810 detensionis
349 1748 495 1831 presidio
512 1749 703 1826 assistentes,
724 1747 837 1812 iaciant
859 1755 1028 1830 presentes
1052 1747 1170 1810 litteras
1195 1753 1227 1810 et

142 1835 175 1896 in
197 1836 243 1897 eis
259 1841 404 1898 contenta
421 1834 607 1917 hujusmodi,
632 1834 760 1899 irmiter
781 1837 953 1915 observari,
975 1837 1124 1916 ipsosque
1147 1851 1228 1896 con-

141 1921 253 1985 traires
269 1921 330 1986 illis
345 1921 472 2004 pacifice
486 1923 635 2003 gaudere,
650 1941 713 1987 non
730 1925 942 2006 permittentes
960 1941 1014 1986 eos
1026 1922 1159 2003 desuper
1171 1936 1228 2002 per

14 2065 18 2102 ι
141 2024 351 2092 quoscumque
374 2017 482 2074 contra
497 2011 707 2092 praesentium,
731 2019 881 2088 tenorem,
903 2009 1136 2093 quomodolibet
1156 2025 1227 2072 mo-

138 2095 256 2160 lectari.

228 2184 481 2250 contradictores
497 2184 653 2268 quoslibet
667 2193 698 2249 et
711 2187 858 2266 rebelles,
873 2203 930 2268 per
945 2201 1091 2248 censuras
1108 2201 1142 2248 es
1155 2201 1228 2266 poe-

138 2288 194 2336 nas
219 2273 468 2352 ecclesiasticas,
490 2273 696 2356 appellatione
721 2279 906 2358 postposita,
931 2272 1169 2354 compescendo,
1193 2291 1228 2336 ae

139 2377 354 2442 quoscumque
374 2379 429 2425 sua
445 2361 600 2426 interesse
615 2367 770 2444 putantes,
794 2365 884 2427 etlam
900 2381 958 2442 per
973 2359 1105 2424 edictum
1122 2357 1227 2445 publi-

139 2467 207 2512 euru
238 2449 317 2514 locis
336 2450 466 2530 publicis
488 2450 620 2515 constitu
636 2451 802 2514 summarie
823 2451 862 2513 de
877 2467 941 2513 non
957 2455 1022 2512 tuto
1037 2447 1073 2510 ad
1091 2467 1146 2512 eos
1169 2465 1227 2511 ac-

140 2553 244 2614 cessu,
268 2536 403 2616 ciendo,
425 2555 462 2600 ac
483 2537 544 2602 illis
571 2544 697 2614 metum,
719 2539 798 2618 aliis,
824 2539 935 2620 quibus
958 2543 989 2598 et
1009 2537 1132 2616 quoties
1148 2537 1226 2616 opu's

138 2625 238 2690 luerit
252 2623 433 2704 inhibendo,
460 2642 669 2708 censurasque
686 2633 716 2690 et
731 2644 837 2707 poenas
853 2641 1028 2707 expressas,
1056 2625 1147 2686 etiam
1163 2624 1226 2686 ite·

139 2714 215 2778 retis
232 2713 355 2776 vicibus
370 2713 583 2796 aggravando,
606 2714 735 2778 invitato
752 2715 842 2778 etiam
858 2713 896 2776 ad
911 2712 972 2776 boc
986 2713 1013 2774 si
1029 2726 1107 2792 opus
1123 2711 1228 2790 luerit,

140 2798 260 2864 auxilio
280 2799 398 2864 braobii
417 2801 588 2878 secularis,
611 2801 873 2865 nonobstantibus
889 2799 988 2863 lelicis
1004 2797 1229 2862 recordationis

138 2887 390 2969 BonitaciiPapae
399 2885 477 2966 illll,
493 2889 734 2954 Predecessoris
749 2889 860 2967 nostri,
877 2905 936 2968 qua
952 2893 1087 2963 cavetur,
1104 2903 1144 2948 ne
1160 2885 1229 2966 quis

143 2982 235 3040 extra
250 2992 334 3040 suam
352 2975 517 3053 civitatem,
533 2973 584 3038 vel
599 2976 770 3055 dioecesim,
786 2977 847 3040 nisi
862 2977 893 3038 in
910 2976 1003 3038 certis
1019 2975 1158 3053 exceptis
1174 2989 1230 3034 ca-

140 3065 241 3139 sibus,
267 3071 298 3125 et
313 3065 344 3126 iu
361 3061 423 3126 illis
438 3063 517 3128 ultra
532 3081 622 3126 unam
639 3063 751 3128 dictam
767 3083 784 3127 a
800 3063 860 3128 tine
875 3080 940 3126 suae
954 3060 1098 3125 dioecesis
1124 3059 1161 3124 ad
1172 3058 1230 3140 ju-

141 3150 260 3214 dicium
277 3158 436 3228 evocetur,
452 3169 507 3214 seu
524 3168 564 3214 ne
575 3151 698 3232 judices
714 3170 731 3215 a
747 3151 823 3215 sede
838 3150 984 3235 praedicta
1000 3147 1147 3229 deputati,
1169 3165 1229 3210 ex-

141 3246 189 3304 tra
205 3239 361 3304 civitatem
376 3237 428 3301 vel
443 3239 601 3303 diaecesim
617 3239 648 3302 in
662 3237 864 3322 quadeputati
874 3239 998 3311 luerint,
1014 3242 1120 3299 contra
1132 3249 1231 3316 quos-

142 3341 277 3406 cumque
293 3325 474 3406 procedere,
496 3335 547 3390 aut
562 3325 632 3390 aliis
647 3329 716 3390 vice
732 3345 803 3390 suas
819 3327 1012 3391 committere
1032 3329 1230 3404 praesumant,

142 3431 179 3478 ac
195 3415 235 3477 de
251 3414 359 3478 duobis
381 3414 472 3478 dietis
496 3415 528 3477 in
544 3414 676 3478 concilio
700 3413 841 3497 generali
865 3413 947 3477 edito
965 3409 1131 3476 dummodo
1148 3409 1229 3474 ultra

142 3509 208 3566 tres
228 3501 345 3578 dietas,
367 3499 477 3582 aliquis
505 3501 690 3566 authoritate
718 3501 914 3582 presentium
937 3499 973 3562 ad
990 3498 1140 3580 jndicium
1163 3513 1227 3560 non
1254 3549 1259 3556 .

142 3587 293 3665 trabatur,
315 3596 347 3651 et
369 3590 531 3670 quibusvis
553 3590 626 3653 aliis
647 3589 840 3670 apostolicis,
861 3607 897 3652 ac
923 3589 955 3651 in
975 3585 1228 3668 provincialibus,

144 3685 176 3741 et
190 3675 392 3758 synodalibus
407 3676 510 3754 editis,
534 3678 733 3758 generalibus
756 3676 807 3738 vel
828 3676 1013 3758 specialibus
1029 3674 1230 3738 constitutio-

143 3765 248 3843 nibus,
264 3781 384 3829 necnon
403 3763 577 3844 privilegiis
593 3771 624 3828 et
640 3763 766 3828 indultis
781 3762 961 3844 apostolicis
977 3761 1171 3840 supradictis,
1199 3767 1230 3825 et

145 3852 307 3933 quibusvis
323 3851 392 3916 aliis
407 3851 548 3914 ecclesiis
564 3853 837 3924 confraternitatis,
862 3855 893 3912 et
908 3849 1061 3930 personis,
1082 3849 1139 3913 sub
1156 3849 1229 3931 qui-

143 3940 335 4020 buscumque
351 3937 510 4004 tenoribus
531 3945 562 4001 et
583 3937 689 4002 loconis
712 3957 748 4002 ac
764 3956 832 4002 cum
849 3936 1009 4018 quibusvis
1025 3937 1115 4000 etiarn
1132 3935 1229 4000 dero-

145 4027 334 4109 patariorum
350 4025 556 4109 derogatoriis
572 4025 728 4100 clausulis,
750 4043 872 4089 necnon
888 4021 1090 4101 irritantibus,
1113 4031 1143 4086 et
1160 4023 1229 4086 aliis

144 4113 279 4178 decretis
301 4117 468 4192 concessis,
491 4115 685 4195 approbatis,
710 4120 742 4176 et
763 4111 928 4188 innovatis,
955 4113 1067 4198 quibus
1088 4109 1229 4174 omnibus

144 4199 269 4266 illarum
286 4208 436 4280 tenorem,
450 4203 521 4265 acsi
532 4202 570 4266 de
580 4201 677 4266 verbo
687 4201 864 4266 adverbum
882 4197 957 4264 nibil
969 4200 1090 4280 penitus
1102 4196 1229 4275 onvlsso,
