2916 4722
1397 198 1400 261 t

756 249 910 340 Q

293 429 543 500 confessionibus
563 431 731 518 diligenter
750 433 879 514 auditis,
901 452 968 514 eos,
990 440 1023 500 et
1044 453 1162 502 eorum
1190 437 1377 522 singelent

294 520 436 585 omnibus
460 527 491 584 et
505 521 639 604 singulis
662 539 768 586 eorum
793 523 943 612 peopntis,
966 523 1175 601 criminibus,
1201 525 1378 600 excessibus,
1405 566 1407 618 t

292 615 324 671 et
340 607 472 686 delictis,
489 616 768 692 quantumcumque
779 609 927 694 gravibus
941 617 972 675 et
987 610 1191 688 enormibus,
1209 631 1273 694 per
1288 617 1379 688 cosei
1407 620 1409 704 t

293 713 402 760 eorum
424 696 566 779 singulos
589 714 646 779 pro
672 705 811 777 tempore
826 699 1021 780 perpetratis,
1042 701 1136 762 etiam
1157 699 1244 764 Sedi
1259 699 1380 778 Aposto-

293 773 364 847 lice
380 790 411 846 et
425 781 563 848 locorum
580 785 745 847 ordinariis
761 785 939 861 reservatis,
966 791 1184 868 preterquam
1208 806 1228 850 a
1246 787 1380 850 contento

292 868 324 933 in
339 870 450 935 litteris
466 871 516 934 die
533 871 637 936 Coenae
653 871 775 936 Domini
791 871 853 954 legi
869 870 979 949 solitis,
1006 881 1054 936 ter
1070 873 1102 936 in
1123 873 1202 936 vita
1220 873 1380 948 absolvere,

292 965 323 1033 et
340 958 386 1022 eis
402 959 612 1040 poenitentiam
636 959 765 1024 salutern
792 959 968 1042 injungere,
988 977 1111 1024 necnon
1133 959 1295 1042 ejusdem
1320 977 1381 1022 con-

292 1045 515 1123 fraternitatis,
544 1047 843 1110 administratoribus
879 1053 910 1110 et
933 1047 1142 1112 confratribus
1166 1067 1235 1128 pro
1259 1055 1381 1128 tempore

292 1131 507 1208 existentibus,
523 1152 580 1215 pro
597 1134 680 1198 illius
696 1139 775 1197 statu
791 1132 957 1200 salubriori
973 1133 1152 1216 dirigendo,
1178 1143 1219 1198 ut
1236 1153 1380 1216 quecun-

291 1237 350 1304 que
374 1219 457 1286 licita
478 1228 510 1284 et
534 1221 674 1299 honesta,
697 1225 809 1286 statuta
833 1228 864 1284 et
886 1220 1099 1285 ordinationes
1126 1221 1217 1284 felix
1243 1222 1380 1304 regimen.

289 1307 328 1373 Et
349 1324 529 1389 prosperum
552 1315 677 1385 statum,
698 1326 735 1370 ac
758 1308 1013 1389 gubernationem
1034 1307 1175 1386 illorum,
1209 1317 1246 1374 et
1269 1309 1380 1372 aliarun

290 1412 549 1478 quarumcumque
564 1414 667 1459 rernm
682 1395 899 1476 spiritualium,
924 1403 955 1460 et
971 1397 1207 1478 temporalium,
1238 1415 1298 1462 eos
1314 1414 1380 1476 qoo-

289 1481 460 1546 modolibet
481 1483 716 1559 concernentia,
743 1483 934 1561 concedere,
969 1483 1092 1560 facere,
1128 1503 1244 1565 eaque
1270 1483 1378 1564 quoties

288 1567 462 1646 videbitur,
487 1576 612 1632 *mutare
641 1577 672 1636 et
703 1571 855 1650 alterare,
886 1571 1034 1644 limitare,
1063 1573 1256 1652 corrigere,
1288 1567 1379 1634 declu-

288 1673 376 1733 rare,
408 1655 601 1735 modificare,
625 1665 656 1722 et
685 1657 716 1720 in
747 1657 856 1722 melius
878 1658 1068 1736 reformare,
1098 1675 1183 1739 quae
1215 1665 1376 1741 postquam

290 1743 373 1806 edita
385 1749 509 1822 mutata,
532 1745 670 1824 alterata,
682 1742 820 1821 limitata,
836 1753 987 1824 correcta,
1004 1745 1172 1822 declarata,
1192 1745 1377 1818 mortificata,

288 1837 320 1895 et
340 1831 371 1894 in
396 1830 507 1897 melius
532 1832 698 1898 reformata
722 1832 853 1911 luerint,
876 1851 915 1900 oo
931 1833 999 1914 ipso
1023 1851 1078 1914 per
1105 1833 1224 1898 sedem
1249 1832 1374 1904 eandem,

288 1917 465 1985 confirmata
485 1919 547 1986 sint
563 1926 595 1983 et
609 1939 678 1986 esse
702 1927 895 1999 censeantur,
922 1921 1105 1986 auctoritate
1130 1928 1165 1987 et
1190 1929 1308 1986 tenore
1328 1935 1373 1982 su·

288 2005 436 2092 predictis
453 2006 659 2090 indulgemus,
686 2024 723 2070 ac
743 2007 864 2090 plenam
888 2008 1016 2074 liberem
1038 2007 1176 2092 desuper
1206 2007 1371 2076 facultatem

287 2095 497 2160 concedimus.

372 2181 411 2246 Et
426 2181 626 2249 nibilominus
641 2187 675 2246 ut
690 2182 804 2251 Christi
820 2182 956 2249 fidelium
971 2183 1098 2248 devotio
1119 2181 1158 2246 ad
1175 2191 1246 2248 tam
1262 2180 1370 2248 salubre

286 2268 515 2337 Sacramentum
530 2270 704 2337 ferventius
721 2270 901 2350 invalescat,
924 2289 961 2335 ac
977 2271 1091 2336 Christi
1105 2270 1220 2336 fideles
1245 2269 1284 2334 ad
1301 2267 1366 2332 illim

286 2358 532 2438 venerationem,
554 2365 586 2422 et
607 2358 719 2424 similia
735 2358 892 2423 charitatis
917 2377 1012 2440 opera
1028 2352 1208 2424 exercenda
1234 2377 1294 2440 per
1314 2373 1368 2418 au-

285 2443 367 2528 plius
382 2446 567 2523 excitentur,
589 2445 670 2527 quod
695 2465 802 2510 omnes
826 2454 857 2511 et
870 2447 1003 2530 singule
1026 2444 1095 2510 alie
1110 2440 1363 2513 confraternitatis

284 2533 453 2614 subendam
479 2534 675 2598 invocatione
699 2535 841 2616 corporis
858 2533 983 2614 Christi,
1007 2533 1136 2597 ubilibet
1162 2529 1365 2608 instituted

285 2619 496 2697 instituendae,
523 2619 640 2684 eisdem
663 2622 850 2704 privilegiis,
872 2620 1139 2699 concessionibus,
1160 2615 1362 2702 induigentia

284 2705 495 2786 facultatibus,
535 2713 566 2772 et
587 2707 713 2774 indultis
739 2710 983 2774 confraternitati
1009 2709 1048 2773 de
1071 2709 1214 2772 llinerva
1242 2705 1363 2772 insono

286 2791 474 2874 huiusmodi,
490 2814 548 2874 per
562 2813 620 2859 nos
637 2797 796 2861 concessis
812 2805 844 2860 et
859 2797 1080 2872 concedendis,
1097 2803 1237 2874 utantur,
1254 2793 1361 2876 potian-

284 2881 661 2967 tur,etgaudeant,ncuti‚
671 2886 773 2965 potiri,
784 2884 1361 2968 etgauderepossintetdebeant,pra·

283 2969 345 3043 fata
359 2971 556 3052 authoritate,
572 2979 603 3036 et
618 2974 816 3053 presentium
833 2979 954 3049 tenore,
970 2973 1131 3036 statuimus
1144 2977 1175 3034 et
1183 2971 1358 3036 ordinamus·

371 3059 582 3127 Decernentes
592 3066 762 3141 presentes
772 3060 902 3138 litteras,
916 3065 1151 3140 etpeccatorum
1161 3057 1360 3124 remissiones

282 3147 340 3214 sub
357 3147 519 3231 quibusvis
535 3147 795 3225 revocationibus,
821 3147 1092 3228 suspensionibus,
1118 3153 1150 3210 et
1165 3143 1358 3211 modificatio·

282 3236 386 3314 nibus,
409 3235 555 3300 similium
571 3234 621 3300 vel
636 3234 828 3300 dissimilium
852 3234 1113 3320 indulgentiarum
1137 3241 1169 3298 et
1189 3235 1356 3300 litteranoot

284 3326 375 3390 etiam
391 3341 448 3406 per
464 3341 521 3388 nos
537 3330 569 3388 et
583 3341 784 3388 successores
800 3329 937 3402 nostros,
964 3342 1000 3386 ac
1016 3321 1217 3388 cancellarie
1233 3321 1357 3411 Aposto-

282 3409 350 3478 licm
371 3408 498 3494 regulas
520 3428 577 3493 pro
595 3417 733 3494 tempore
749 3411 852 3489 editis,
877 3418 908 3474 et
930 3413 962 3474 in
986 3410 1125 3474 favorem
1141 3410 1266 3477 labaicae
1282 3406 1355 3470 uasa·

284 3499 353 3564 liote
369 3499 519 3582 principis
535 3497 758 3579 Apostolorum
776 3496 814 3560 de
832 3497 938 3562 eadem
949 3498 1038 3577 Urbe,
1055 3498 1247 3564 etcructate
1261 3495 1357 3558 sancio

237 3625 238 3628 =
284 3585 459 3650 nullatenus
476 3585 725 3668 comprehensas,
742 3583 797 3648 sed
813 3585 850 3648 ab
868 3586 914 3649 illi
930 3587 1055 3651 omnino
1072 3593 1221 3667 exceptas
1237 3599 1312 3655 esse,
1331 3576 1354 3634 tl

282 3676 421 3740 censeri:
437 3675 530 3738 etsie
545 3693 602 3754 per
617 3690 827 3756 quoscumque
838 3671 961 3754 judices
979 3676 1087 3755 quavis
1097 3673 1282 3739 authoritate
1292 3667 1353 3760 fuo-

281 3768 404 3844 pentes,
420 3761 539 3826 sublata
556 3762 614 3840 eis,
636 3769 789 3826 eteorum
805 3760 942 3838 cuilibet,
966 3763 1073 3843 quavis
1096 3760 1186 3825 aliter
1200 3749 1349 3845 judicando

283 3855 315 3913 et
330 3848 551 3929 interpretandi
567 3848 722 3926 facultate,
738 3855 771 3911 ct
785 3848 970 3912 authoritate
982 3848 1117 3931 judicari
1133 3855 1164 3911 et
1176 3845 1292 3912 definiri
1305 3838 1351 3902 fo-

282 3937 370 4014 bere,
386 3955 423 4000 ao
440 3936 588 4023 quidquid
606 3954 696 4000 secus
712 3937 884 4016 attemptari
895 3937 1073 4021 contigerit,
1090 3937 1209 4002 irritum
1221 3935 1348 4000 etinooot

282 4042 406 4092 necnon
421 4024 621 4105 presentium
637 4023 836 4106 transumptis
852 4043 943 4088 mann
959 4025 1074 4104 publici
1088 4026 1200 4090 notarii
1210 4014 1348 4110 subserit·

282 4115 333 4192 lis,
356 4119 387 4177 et
401 4111 504 4198 sigillo
528 4112 658 4196 alicujus
682 4113 776 4176 curias
793 4110 1022 4176 ecclesiasticae
1037 4131 1095 4177 seu
1110 4129 1253 4197 persone
1268 4109 1293 4172 in
1306 4099 1345 4162 ft·

281 4203 399 4300 gnitate
410 4198 620 4268 ecclesiastica
633 4200 818 4279 constitute,
834 4200 973 4278 munitis,
990 4200 1127 4265 eamdem
1138 4217 1262 4284 prorsus
1275 4189 1344 4264 fidon
