2938 4716
1136 355 1175 417 77

136 536 310 615 monachus,
335 537 383 619 qni
407 535 566 598 admodum
585 535 645 600 lide
666 535 774 618 dignus
793 534 919 600 babetur
933 539 985 616 ¹⁹),
1007 539 1045 602 ad
1069 558 1177 604 annum

133 636 302 700 ttccxxv.
329 638 405 700 baec
428 635 539 700 referte
570 636 719 714 „Litterae
741 639 846 702 summi
869 637 1017 702 Pontificis
1039 635 1182 716 (lionorii

132 735 198 810 lli.)
218 775 260 788 -
282 785 291 802 .
313 781 322 799 .
347 780 356 798 .
379 736 438 798 boc
465 754 545 798 anno
579 737 651 814 (de)
673 737 791 800 solenni
813 737 1003 802 damnatione
1026 741 1179 804 cuiusdam

135 835 225 899 libelli
248 837 368 900 loannis
389 837 480 900 scoti.
523 836 673 900 Honorius
697 839 865 919 episcopus,
898 857 1005 902 servus
1026 857 1182 904 seruorum

136 937 198 1015 dei,
220 937 457 1018 archiepiscopis
478 942 507 998 et
530 938 681 1018 episcopis
701 944 760 1002 etc.
792 938 933 1004 inimicus
954 940 1045 1004 bomo
1067 942 1183 1004 zizania

134 1035 216 1098 bono
232 1037 339 1104 semini
355 1037 595 1116 superseminare
612 1052 672 1098 non
694 1044 794 1100 cessat
813 1044 871 1100 etc.
904 1039 1004 1120 Nuper
1025 1041 1184 1120 siqnidem,

136 1136 214 1198 sicut
250 1136 338 1198 nobis
371 1136 552 1218 significavit
585 1137 728 1200 venerab.
763 1137 856 1203 lrater
888 1147 992 1204 noster
1024 1142 1212 1204 Perisiens·

139 1236 303 1316 episcopis,
327 1236 513 1316 estquidam
537 1237 622 1313 liber,
655 1239 705 1317 qui
725 1239 853 1301 Perilisis
874 1239 1015 1314 titulatur,
1048 1242 1186 1303 inventus

138 1343 182 1399 tol
205 1343 328 1398 scatens
350 1339 499 1398 vermibus
520 1337 694 1400 haereticae
713 1340 884 1419 pravitatis,
914 1340 994 1402 unde
1015 1359 1032 1403 a
1054 1359 1187 1404 venere·-

138 1437 190 1500 bill
212 1437 306 1500 lratre
326 1443 442 1500 nostre
468 1435 697 1517 archiepiscopo
738 1439 906 1502 Senonensi
937 1447 968 1502 ct
987 1439 1187 1522 suffraganeis

140 1538 217 1614 eius,
241 1537 272 1598 ln
293 1537 469 1618 provinciali
492 1538 621 1601 concilio
641 1541 844 1620 congregatis,
868 1541 945 1602 iusto
968 1548 1015 1604 est
1037 1539 1086 1604 dei
1104 1541 1187 1604 iudi·

141 1638 190 1699 cin
211 1636 401 1716 reprobatus.
439 1637 514 1710 Quia
537 1638 628 1718 igitur
648 1637 734 1714 liber,
757 1640 834 1700 sicut
854 1641 1032 1721 recepimus,
1054 1641 1084 1702 in
1105 1659 1188 1704 nun·

140 1737 229 1798 nullis
252 1738 441 1799 monasteriis
463 1744 493 1799 ct
516 1739 581 1800 eliis
603 1737 678 1800 loeis
699 1739 834 1814 babetur,
864 1746 894 1802 et
916 1738 1089 1805 claustrales
1109 1757 1189 1802 non..

142 1835 213 1900 nulli
236 1843 267 1898 et
292 1839 347 1899 uiri
368 1837 541 1900 scholastici
564 1883 625 1901 ...
650 1856 684 1900 sc
708 1840 869 1902 studiosius
889 1847 1038 1921 occupant
1058 1842 1189 1904 lectione

142 1938 214 1999 dicti
247 1937 315 1999 libri
336 1982 344 1998 .
369 1980 376 1998 .
399 1983 407 2000 .
429 1955 485 2000 nos
516 1940 597 2000 iuxta
631 1938 789 2019 pastoralis
822 1939 1031 2002 sollicitudinis
1059 1941 1190 2002 debitunt

142 2037 342 2118 corruptelae,
362 2056 450 2118 quam
474 2040 614 2119 ingerere
628 2045 731 2119 posset
746 2037 821 2101 liber
834 2036 1012 2130 huiusmodi,
1028 2056 1191 2102 occurrere
1241 2023 1245 2034 ⁴

143 2145 331 2220 satagentes,
354 2138 441 2200 vobis
464 2140 612 2200 universis
636 2145 666 2200 et
688 2138 815 2218 singulis
836 2137 865 2198 in
889 2139 997 2200 virtute
1017 2155 1043 2199 s.
1066 2137 1190 2218 Spiritus

143 2242 282 2302 districte
303 2241 515 2320 praecipiendo
538 2239 733 2317 mandamus,
757 2245 911 2318 vquotenus
942 2238 1071 2302 libellum
1105 2241 1192 2301 istum

143 2339 276 2402 subicite
294 2341 480 2420 perquiratis,
502 2347 531 2402 el
552 2340 722 2419 ubicunque
742 2342 836 2420 ipsum
857 2339 904 2402 vel
926 2347 1038 2420 partem
1062 2341 1127 2402 eius
1141 2339 1193 2400 in·
1307 2407 1314 2426 „

144 2441 244 2502 veniri
269 2443 439 2522 contigerit,
460 2440 582 2518 adnue,
605 2441 631 2502 si
645 2457 753 2502 secure
769 2439 832 2502 lteri
846 2441 950 2520 possit,
970 2441 1036 2502 sine
1051 2439 1193 2507 ditatione

145 2543 270 2604 mittatis
293 2540 457 2604 solenniter
477 2539 729 2617 comburendum,
763 2539 893 2620 alioquin
922 2540 1053 2620 vosipsi
1075 2538 1194 2620 publice

146 2642 332 2705 comburatis
363 2641 509 2719 eundem,
542 2641 669 2704 subditis
695 2642 804 2702 restris
826 2657 971 2720 expresse
994 2640 1195 2721 iniungentes,

148 2748 193 2816 ut,
223 2743 393 2821 quicunque
428 2741 557 2821 ipsorum
586 2741 698 2802 babent
724 2739 772 2802 vel
795 2741 908 2802 babere
930 2746 1056 2820 possunt
1080 2742 1108 2801 in
1132 2745 1194 2802 toto

148 2843 197 2904 vel
220 2843 251 2905 in
277 2847 360 2921 parte
382 2841 563 2922 exemplaria
585 2840 656 2902 dicti
679 2841 763 2916 libri,
792 2857 829 2902 ea
852 2840 940 2904 nobis
962 2849 1033 2917 (ne)
1058 2839 1196 2904 dillcrnnt

149 2944 321 3023 resignare.
364 2941 429 3018 (lo)
452 2959 568 3018 cmrrcs,
590 2942 640 3022 qui
659 2941 734 3003 ultra
747 2940 799 3004 XV
822 2940 896 3017 dies,
918 2947 1072 3021 postquam
1093 2939 1198 3003 buius-

150 3041 234 3104 mcdi
265 3040 434 3105 mandalum
456 3060 511 3107 seu
532 3042 723 3106 denunciatio
745 3041 782 3104 ed
803 3042 938 3104 notitiam
962 3058 1064 3103 eorum
1087 3057 1199 3120 perve-

149 3143 248 3217 nerit,
287 3141 392 3206 librum
424 3145 536 3224 ipsum,
558 3149 649 3206 totum
672 3148 721 3204 aut
740 3149 872 3222 partem,
904 3141 1037 3204 scienter
1066 3141 1199 3204 retinere

148 3244 406 3325 praesumserint,
449 3243 767 3306 excommunicationis
807 3242 984 3304 sententium
1025 3240 1200 3320 incurrisse,

150 3351 313 3424 notamque
336 3345 488 3425 pravitatis
509 3345 681 3407 haereticae
702 3361 763 3407 non
790 3342 930 3406 evadent.
972 3344 1079 3406 Datum
1110 3341 1201 3403 Late·

151 3444 220 3506 rani
242 3443 281 3506 Χ.
304 3443 364 3506 Cal.
387 3444 472 3508 Febr.
496 3451 572 3506 etc.“
593 3480 633 3493 -

178 3525 183 3534 ’
238 3545 321 3607 llaec
343 3547 432 3628 igitur
461 3551 617 3626 postquam
649 3543 687 3606 ab
715 3545 850 3607 Honorio
869 3541 918 3610 lll.
941 3541 1086 3604 aduersus
1105 3539 1199 3602 libros

153 3645 193 3708 de
219 3647 332 3708 naturis
365 3663 504 3727 supremo
534 3645 676 3727 supplicio
707 3647 822 3708 sancita
844 3650 930 3720 sunt,
960 3659 1014 3722 per
1043 3641 1199 3721 proximos

155 3745 275 3808 CCCCL
298 3763 405 3823 annos,
428 3745 496 3809 dum
519 3746 646 3810 Thomas
667 3745 760 3826 Getici,
790 3745 983 3822 oxoniensis,
1006 3757 1098 3822 opera
1120 3739 1198 3821 tppis

155 3895 449 3908 Μ

194 3978 242 4049 19)
260 3980 341 4052 Quod
360 3980 481 4050 pluribus
500 3979 598 4050 probat
613 3980 652 4030 rir
669 3995 787 4030 summus
805 3977 837 4030 G.
856 3977 894 4029 G.
908 3974 1061 4030 Leibnitlur
1075 3973 1103 4024 in
1116 3969 1201 4040 prael.

257 4068 291 4121 ad
312 4069 425 4122 alterum
443 4069 543 4121 volum.
562 4073 670 4138 paratae
692 4082 706 4117 a
727 4081 754 4116 se
773 4064 851 4117 huius
869 4061 986 4117 Alberici
1005 4057 1145 4113 editionis.
1247 4091 1249 4094 -
