2944 4714
126 451 207 502 nau
225 440 268 498 -at
290 431 529 499 inenarrabilem
550 439 643 516 mque
667 433 911 501 inestimabilem
928 430 1109 498 mmitutm
1120 447 1221 512 uren,

126 521 315 590 ntnmttrer
328 522 469 604 pueritie
484 522 611 587 cullibet
625 523 656 586 iu
672 523 773 601 altari,
789 523 842 606 qui
857 523 889 586 ln
906 522 964 586 trau
978 519 1109 586 mirabili
1125 521 1220 586 exlti·

126 613 249 678 irliione
262 627 317 674 run
334 627 396 674 non
413 617 526 689 cessat,
541 627 600 674 nec
611 612 746 676 cessabit
760 610 930 693 adimplere
943 608 1025 674 illurn
1041 627 1128 674 suam
1143 607 1218 672 dal-

128 699 281 762 eirriumm
298 698 537 780 promissionem
553 713 643 780 qusm
659 696 815 780 pollicitus
832 705 881 764 est
894 698 1012 762 dicens.
1060 695 1144 762 Ecce
1157 713 1219 760 aa·

129 786 247 850 bircam
261 803 331 850 sum
345 785 488 849 crimmum
510 786 621 848 dicbus
643 804 742 869 arque
764 787 807 849 cd
826 786 1122 850 consummantem
1142 801 1219 848 rure

128 873 200 950 enti,
224 891 345 938 uremur
359 873 516 956 cujusdam
530 873 619 937 verbi
641 876 690 938 sni
706 873 788 956 quod
805 880 865 953 est,
886 873 1018 940 delieice
1031 889 1119 935 mccc
1133 879 1218 947 sunt,

127 979 197 1025 erse
211 979 281 1025 carm
295 961 370 1044 filiis
383 962 549 1026 tumme.

213 1051 248 1114 ln
271 1068 332 1132 pua
354 1051 444 1114 etium
471 1048 668 1114 solemnitate
691 1055 780 1114 caute
802 1055 834 1113 et
858 1049 993 1114 sollicite
1017 1047 1118 1130 possit
1139 1063 1219 1130 cup-

128 1135 209 1219 pleri
226 1136 375 1220 quidquid
391 1137 431 1202 rte
447 1137 546 1219 ipsius
557 1137 706 1201 memoria
720 1137 758 1202 ab
774 1137 823 1202 lris
839 1135 1027 1218 quotidianis
1041 1134 1151 1199 diebus
1166 1135 1220 1198 iu..

128 1229 234 1304 mute,
261 1232 293 1290 et
311 1225 490 1301 insollicite,
518 1231 550 1288 et
573 1223 770 1308 negligenter
792 1229 840 1288 est
862 1223 1113 1306 pretermissum.
1159 1221 1220 1298 ost

129 1312 212 1376 enim
234 1311 368 1378 tideliunr
394 1311 519 1377 dulcium
543 1311 795 1393 interemerit,
819 1312 1029 1395 diguissimam
1053 1309 1133 1374 uene
1160 1327 1218 1376 so·

127 1398 317 1466 tenuitatem
344 1401 412 1465 iore
438 1399 476 1463 uri
500 1397 650 1464 honorem
667 1400 726 1463 liei
752 1407 783 1463 et
807 1405 1025 1482 augumentum
1042 1397 1219 1463 deuotionis

127 1487 198 1552 lrlei
214 1485 402 1567 christisne,
426 1488 494 1570 spei
517 1495 609 1570 atque
629 1487 797 1562 claritatis,
817 1505 876 1552 nec
895 1505 958 1552 nun
982 1492 1014 1550 ct
1035 1491 1217 1552 ceterurum

126 1577 292 1726 vi'rtutem,
319 1583 351 1640 et
377 1575 416 1640 ml
442 1573 616 1658 proiectum
644 1573 815 1641 electorum
837 1575 962 1640 Domini
988 1575 1090 1639 nostri
1111 1573 1220 1638 multi·

129 1663 259 1746 picemt

217 1751 384 1834 Cupientes
418 1751 515 1834 igitur
538 1749 606 1814 hec
625 1750 788 1816 commoda
816 1751 905 1834 gregi
929 1749 1022 1815 nobis
1052 1748 1218 1814 commissu

128 1839 268 1916 evenire,
288 1847 321 1904 et
344 1838 508 1903 humanam
524 1837 747 1920 negligentium
773 1836 811 1901 art
837 1837 1029 1918 snpndtmcs
1050 1838 1217 1919 gratimuur

129 1929 269 1992 cotiones
283 1925 469 2010 repetendus
489 1927 638 2003 minitere,
664 1925 826 1989 statuimus
846 1925 1001 2006 vobisque
1023 1923 1219 2004 precipimus

127 2012 350 2080 inviolabiliter
365 2012 606 2091 observandum,
628 2019 663 2076 ut
688 2020 721 2076 te
734 2013 864 2094 pretato
879 2011 1143 2076 excellentissimo
1159 2012 1218 2074 Sa-

126 2110 297 2181 eramento,
312 2103 446 2186 siugulis
457 2103 547 2165 anuis
558 2102 636 2176 teria
651 2102 758 2182 quinte
773 2102 913 2182 proxima
929 2106 1134 2181 pustociavus
1145 2097 1219 2162 'iri-

125 2189 245 2268 nitatis,
272 2189 383 2252 lestum
400 2189 540 2252 solemne
555 2206 624 2253 cum
639 2207 753 2254 novem
777 2188 975 2266 lectionibus,
998 2193 1030 2252 et
1043 2203 1219 2268 responso-

125 2277 195 2354 riis,
220 2266 384 2340 rersiculis
411 2283 443 2340 et
462 2277 641 2359 antiphonis
666 2277 812 2360 propriis,
836 2294 966 2359 quonium
987 2276 1078 2339 vobis
1098 2273 1218 2355 cupium

127 2363 290 2442 tentemus,
311 2365 342 2428 iu
359 2364 491 2444 siugulis
505 2365 649 2428 ecclesiis
663 2365 849 2429 Lentiensis
864 2364 1021 2440 diaecesis,
1043 2363 1082 2428 rte
1106 2369 1220 2426 cetero

127 2453 352 2534 perpetusliter
367 2451 543 2530 celebretis,
567 2459 598 2515 ei
613 2453 780 2518 celebriter
795 2453 968 2528 observari,
992 2451 1031 2516 ab
1047 2451 1132 2516 omni
1147 2467 1219 2513 ser-

127 2538 185 2603 vili
201 2557 298 2622 opere
311 2539 464 2616 vacando,
479 2546 623 2622 tunquam
639 2541 721 2605 diem
738 2539 866 2618 domiui,
883 2541 974 2605 etium
991 2538 1157 2604 nuncietis.
1182 2536 1221 2602 lit

127 2626 262 2694 subditis
276 2629 392 2692 vestris
407 2630 589 2692 annuariam
606 2631 638 2694 in
660 2630 775 2692 vestris
790 2629 935 2693 eeclesiis
958 2627 1113 2694 dominica
1136 2643 1220 2707 pre-

126 2716 261 2780 ‘rerteute
276 2715 398 2797 publice
414 2717 679 2782 inremissionem
695 2734 822 2782 suorum
847 2717 1055 2798 peccaminum
1072 2714 1220 2796 injunga-

125 2805 179 2882 tis,
203 2810 238 2867 ut
252 2820 359 2868 omnes
375 2803 489 2868 devote
500 2806 645 2886 jeiunent
658 2807 691 2868 in
705 2805 815 2886 vigilia
831 2803 986 2884 predicte
1001 2801 1219 2879 solemnitatis,

126 2900 162 2956 et
177 2892 382 2968 orationibus,
398 2890 528 2973 vigiliis,
553 2899 586 2956 et
607 2891 798 2968 elemosinis,
822 2897 854 2954 et
868 2891 938 2954 allis
952 2890 1044 2954 bonis
1060 2888 1220 2968 operibus,

126 2997 165 3044 se
181 2980 316 3056 interim,
337 2977 481 3042 studeant
495 2997 681 3062 preparare,
707 2985 741 3041 ut
756 2997 826 3042 esse
841 2979 961 3058 possint
976 2975 1143 3057 participes
1168 2974 1219 3038 illu

125 3067 181 3130 die
196 3065 365 3130 dulcissimi
382 3067 583 3143 sacramenti,
605 3085 642 3130 uc
663 3065 738 3131 illud
762 3066 815 3148 qui
838 3065 937 3148 parati
952 3063 1068 3128 luerint
1091 3067 1123 3126 et
1142 3078 1220 3144 pro-

126 3154 203 3228 bati,
223 3161 254 3218 et
269 3171 399 3234 quorum
416 3155 554 3238 tetigerit
569 3155 654 3219 Deus
674 3153 781 3232 corda,
804 3171 867 3219 nou
890 3153 928 3216 de
945 3151 1140 3224 necessitate,
1164 3148 1220 3214 sed

125 3242 169 3306 de
185 3239 346 3306 honestate
361 3243 503 3322 recipcre
519 3243 565 3314 (si
579 3243 695 3314 uelint)
719 3241 843 3307 valenm
859 3259 926 3305 cum
949 3239 1058 3304 solute.
1102 3236 1221 3311 (tuate-

125 3347 189 3394 nus
204 3329 346 3407 ellicus,
361 3335 394 3392 et
408 3329 551 3394 christus
565 3329 645 3411 ejus,
670 3329 728 3393 hau
746 3328 873 3412 speciali
890 3327 1038 3392 memoris
1054 3331 1085 3388 et
1100 3323 1149 3388 luis
1163 3341 1220 3386 sa·

126 3416 256 3482 orttieiis
270 3416 419 3499 placatus,
441 3416 556 3483 mundo
577 3435 618 3482 ex
639 3417 771 3482 dirersis
791 3418 914 3482 casibus
929 3413 1123 3496 naufraganti
1145 3411 1220 3494 dig·

125 3511 221 3569 netur
235 3505 348 3569 ostium
364 3523 429 3569 sure
443 3504 618 3570 clementie
632 3505 764 3586 aperire.
794 3504 966 3569 Preseutes
982 3509 1083 3566 autern
1100 3500 1220 3565 timens

125 3593 222 3656 rolris
237 3591 461 3670 transcribatis,
484 3598 516 3654 et
530 3595 747 3674 transcriptum
763 3611 868 3657 eurum
883 3609 982 3676 penes
997 3607 1055 3655 rus
1069 3605 1220 3654 resume·

52 3727 55 3736 ι
126 3681 179 3746 tls.
210 3679 320 3744 Datum
336 3678 429 3745 Auno
444 3679 569 3746 Domini
584 3681 623 3744 ll.
641 3680 702 3744 GC.
719 3679 782 3746 XL.
798 3680 845 3744 vt.

152 3883 326 3954 Ennea,
349 3887 522 3944 nundinet
540 3889 589 3940 ale
606 3887 922 3951 ‚latete-mine,
946 3893 1138 3954 uppremo
1155 3883 1197 3936 le

552 3973 789 4034 Pete-meu.

216 4122 412 4188 llererenrlla
426 4123 566 4190 munins
581 4123 858 4206 Aruliepisccpua,
873 4130 906 4187 et
919 4121 1097 4206 Episcopia,
1112 4129 1147 4186 et
1158 4139 1219 4188 re-

129 4210 505 4292 consummemus,
527 4219 561 4278 et
581 4211 652 4278 aliis
673 4211 794 4276 dilectis
819 4210 852 4276 iu
876 4211 1001 4278 curtato
1023 4209 1219 4291 seem
