2934 4710
279 327 338 394 ihi

276 505 398 586 quidem
419 506 565 586 propositi
585 503 774 586 quaenion‘ur
793 505 961 588 argumenti
978 505 1074 570 verho
1089 510 1328 589 respexerimus,

275 605 326 668 uix
346 605 507 688 quidquam
537 605 665 686 amplios
685 603 846 669 emendum
882 605 1010 668 ridetur.
1055 606 1140 670 lianc
1161 611 1243 672 enim
1264 611 1326 672 inm

275 703 394 786 inipso
416 705 524 770 norom
545 705 688 770 lihrornrn
711 711 890 787 argurncnm
905 703 1086 793 explicando
1100 714 1242 787 mamam
1265 725 1327 772 nc·

275 821 365 868 cesse
384 813 441 883 est,
464 824 483 869 a
503 807 591 870 nohis
612 805 791 887 patelaclarn
814 821 885 867 esso
913 804 1103 868 arhilromrn.
1146 807 1209 870 Nec
1230 807 1327 872 disse

141 891 142 896 ’
275 903 352 966 rnilin
374 911 422 968 cst
441 905 481 982 ei,
503 921 591 986 quam
613 905 643 967 in
664 903 741 968 libro
765 901 803 966 de
824 903 975 984 praerlcsl.
999 902 1104 967 haberi
1133 906 1325 973 viliam-

274 1001 379 1082 hialin,
401 1005 486 1084 qnasi
509 1021 566 1085 per
586 1021 620 1066 se
642 1021 715 1066 vcra
738 1003 808 1079 sint,
828 1009 1008 1080 sommum.
1026 1004 1116 1067 multa
1132 1007 1325 1070 auctoritati-

277 1102 343 1180 hns,
375 1104 538 1184 praecipue
559 1103 833 1184 Pseudo-Dionysii
857 1108 890 1165 et
911 1101 1180 1182 Pseudo-llarinri‚
1199 1105 1327 1168 lirmnn-

275 1211 343 1266 tur:
377 1221 417 1265 oa
442 1202 493 1265 his
523 1204 651 1265 schinne
678 1219 758 1266 nova
790 1203 955 1282 quaedam,
974 1219 1053 1266 nunc
1072 1204 1150 1267 satis
1167 1203 1326 1282 subtililen

275 1301 369 1366 morlo
390 1303 480 1366 etiam
501 1303 640 1383 ineptius,
661 1301 873 1366 ratiocinando
894 1302 1073 1366 eliciuntur.
1114 1303 1181 1378 Qua
1196 1322 1231 1367 re
1254 1321 1325 1368 cum

273 1401 386 1466 iactum
412 1404 472 1477 sit,
499 1409 531 1466 ol
553 1404 630 1466 hacc
651 1402 841 1484 philosophia
865 1419 903 1464 oc
923 1402 1076 1484 theologia
1098 1403 1164 1466 lunc
1185 1405 1245 1467 sint
1267 1407 1322 1467 in·

274 1499 356 1564 salsa
384 1503 549 1583 quaenamp
585 1509 729 1584 perpetrm
761 1503 912 1583 opinionis
945 1518 1052 1566 emere
1079 1503 1225 1578 conficta,
1246 1505 1322 1567 illuri

272 1602 411 1681 prolecto
441 1619 571 1666 necesse
604 1603 678 1682 luit,
710 1605 800 1666 etiam
829 1603 886 1684 ipsi
920 1602 1072 1684 Erigonae
1105 1603 1266 1685 aliquando
1290 1605 1319 1666 ln

272 1707 401 1764 acoron
435 1704 558 1779 venire,
577 1720 668 1782 quam
687 1703 746 1764 sihi
775 1704 1012 1766 aniversnrcntor
1032 1717 1092 1766 non
1115 1705 1222 1782 solum,
1242 1703 1322 1786 pnn'c

273 1803 423 1864 communi
458 1804 590 1865 omniurn
622 1817 777 1868 consensu
811 1819 886 1866 uero
922 1819 992 1866 esse
1029 1803 1243 1882 crederentur,
1262 1805 1321 1868 scd

273 1901 373 1978 ctiam,
397 1919 475 1982 quaa
494 1903 632 1966 domnina
655 1902 817 1966 christiana
839 1909 1032 1984 proponeret.
1054 1903 1121 1966 lloo
1142 1910 1252 1982 numm,
1274 1907 1318 1968 si·

273 1995 423 2083 mulatque
457 2003 688 2080 onhnndmrlit,
721 2002 794 2066 nihil
825 2005 975 2084 antiquius
996 2003 1096 2082 hahet,
1119 2015 1211 2084 quarn
1227 2011 1260 2066 ut
1279 2005 1321 2069 nn

272 2103 552 2184 ausentiscipiinne'
574 2103 701 2184 placita,
728 2112 924 2184 quaecunque
946 2104 1002 2183 ipsi
1024 2103 1242 2180 contradicant,
1261 2119 1322 2168 uc-

272 2201 453 2264 commodet
517 2203 616 2282 Atque
645 2201 715 2265 hnc·
731 2203 762 2263 in
782 2217 816 2264 nc
839 2193 913 2264 mira
935 2201 1081 2283 prolecto.
1097 2209 1169 2265 artn·
1187 2204 1320 2268 excellit.

273 2299 438 2366 Permultcs
457 2302 538 2362 enim
559 2319 667 2364 sacrae
683 2302 850 2382 scripturae
872 2301 975 2380 locos,
995 2302 1139 2382 permulta
1161 2303 1321 2367 doctrinae

273 2399 455 2462 christianae
480 2403 577 2482 capita
602 2408 661 2463 lam
682 2401 792 2463 misere
805 2402 946 2478 arcannii,
969 2401 1173 2479 discruciavit,
1195 2419 1231 2465 ea
1253 2409 1319 2466 tor-

270 2499 411 2580 piludinis
445 2501 547 2580 specie
577 2499 702 2582 polluit,
737 2506 790 2578 nt,
822 2500 873 2580 qui
905 2516 1010 2564 corum
1037 2501 1211 2581 anspccmm
1234 2503 1319 2566 ierre

270 2602 376 2679 possit,
409 2600 462 2662 rix
492 2617 563 2662 esse
584 2607 721 2682 putemus
742 2615 931 2682 quemquam
975 2599 1036 2663 Sed
1059 2601 1137 2663 hacc
1156 2601 1315 2666 hactenus.

271 2702 366 2774 Quum
404 2719 455 2763 res
484 2703 567 2782 ipsas
593 2701 728 2782 plurimis
764 2700 1035 2780 applicaverimus,
1066 2701 1105 2764 (lc
1125 2701 1217 2768 rchrrs
1240 2703 1316 2783 ipsis

271 2802 452 2887 paucissimo
476 2801 636 2865 sufficiant.
1314 2818 1318 2832 ¹

325 2941 328 2950 “
372 2937 549 3016 Quicunque
590 2939 681 3020 igilur
720 2937 798 3000 hanc
829 2937 952 3000 alteram
984 2933 1157 3016 scriptionis
1193 2925 1318 2998 nostrae

271 3041 385 3119 partem
416 3020 633 3118 satis'magnn
660 3052 727 3102 cunr
758 3035 913 3118 ¹(litigenlia
936 3034 1162 3114 examinaverit,
1188 3036 1214 3097 is
1236 3041 1321 3125 cerlo

270 3137 309 3200 nu
332 3135 476 3216 propositi
497 3137 683 3220 quaestionis
705 3138 872 3218 argumenti
895 3137 1005 3201 verba:
1038 3153 1094 3216 ,an
1116 3139 1147 3200 ei
1168 3140 1317 3216 quatenus

273 3237 295 3298 l.
317 3238 367 3300 Sc.
391 3235 543 3319 litigenae
577 3236 655 3303 liber
680 3237 718 3300 de
748 3236 898 3300 divisione
933 3233 1062 3300 Naturae
1091 3226 1128 3298 ei'
1143 3251 1211 3297 cum
1232 3240 1317 3324 recta

272 3338 392 3399 ratione
423 3340 458 3400 et
487 3354 553 3399 curn
589 3337 726 3399 docmina
769 3325 933 3399 christiana
968 3337 1228 3399 consentinu-
1256 3333 1318 3398 hoe

271 3435 514 3516 respondendum
538 3453 607 3498 esse
631 3437 791 3515 concelet,
815 3436 904 3513 illum,
931 3453 1018 3516 quem
1041 3435 1180 3510 diximus,
1201 3433 1320 3511 librum,

272 3537 298 3598 si
318 3542 411 3598 toturn
432 3537 525 3616 ipsius
546 3544 769 3618 argumentum,
793 3543 883 3598 lolam
903 3537 995 3616 ipsius
1017 3535 1204 3615 disciplinam
1227 3541 1317 3613 alque

270 3633 401 3697 indolem
437 3637 601 3714 respicias,
635 3636 714 3698 nulla
748 3655 787 3698 ox
815 3643 900 3716 parte
922 3642 972 3697 aul
995 3652 1061 3697 cum
1084 3635 1317 3712 maturatione,

252 3719 321 3796 'aut
339 3751 407 3796 curn
439 3733 578 3797 doctrina
608 3735 772 3798 christiana
797 3736 982 3814 consentire,
1005 3741 1095 3816 nique
1115 3735 1228 3814 optimo
1251 3735 1318 3797 inre

270 3833 310 3900 ah
333 3833 468 3901 Honorio
501 3833 557 3909 lu,
579 3836 719 3915 ponhlicc
739 3837 882 3912 maimo,
905 3842 936 3899 ut
959 3823 1142 3915 „scatentem
1163 3833 1318 3898 vermibus

270 3932 445 4007 haereticae
460 3935 638 4016 munitium
653 3971 693 3986 -
704 3953 779 4002 csse
801 3935 980 4011 damnatum.
1021 3935 1096 4000 llam
1103 3941 1317 4016 pcselcrqsam
