2938 4716
1163 352 1201 414 at

156 525 245 588 Scoti
268 525 338 586 illud
359 525 416 586 iter
436 527 466 586 in
489 523 700 586 dubitationem
724 523 892 586 vocandum
913 541 974 586 non
1005 540 1090 602 esso,
1122 526 1201 606 qnod

158 633 221 688 tam
242 627 397 688 multarum
418 643 516 689 rerum
539 625 693 688 scientiam
717 628 746 688 in
766 643 805 688 eo
824 625 1091 706 deprehendamus,
1114 646 1200 708 quas,

156 727 219 788 nisi
243 726 275 787 in
295 726 429 800 Oriente,
457 743 601 806 nusquam
623 727 741 788 discere
762 727 898 806 potuerit.
942 727 994 788 ilis
1016 735 1114 788 antem
1138 728 1198 790 hoo

156 827 227 905 ipso
250 826 349 905 capite
368 827 428 886 iem
460 825 642 886 satisfactum
673 843 742 886 esse
774 831 918 904 putamus.
961 825 1110 888 Hebraico
1149 835 1199 890 eut

157 926 287 1007 Syriaco
307 926 416 988 Scotns
439 926 584 987 nescivit:
615 925 746 988 Graecas
776 925 889 988 litteras
920 928 948 988 in
977 927 1118 988 ilibernia
1150 927 1199 988 di-

158 1043 250 1090 scere
269 1029 382 1106 potnil:
407 1025 496 1088 eliam
515 1025 575 1087 boo
595 1025 873 1104 demonstravimus,
897 1042 956 1107 quo
979 1027 1017 1087 de
1037 1026 1198 1088 ionteelus
1309 1084 1312 1092 .

158 1125 349 1207 philosophia
367 1127 547 1197 manaverit.
586 1125 650 1189 Neo
670 1125 740 1187 illud
761 1125 919 1206 quidquam
945 1125 1044 1204 valet,
1077 1125 1157 1207 quod
1178 1146 1197 1188 a

159 1227 233 1288 viris
255 1225 406 1304 doctislt)
429 1224 665 1288 animadversum
685 1230 742 1299 est,
763 1224 937 1288 simillimam
959 1243 1028 1287 esse
1047 1227 1198 1307 Erigonae

157 1326 377 1408 philosophiam
401 1331 429 1387 et
451 1326 605 1400 indorum,
638 1342 715 1404 quae
744 1324 912 1406 Sonhhyiea
934 1333 1061 1389 vocatur
1081 1333 1111 1388 et
1134 1327 1197 1388 io-

157 1428 240 1510 gica.
281 1427 386 1507 Neque
408 1429 485 1487 enirn
508 1443 617 1489 novum
637 1431 686 1487 aut
707 1425 867 1487 inauditum
889 1424 987 1504 soret,
1017 1426 1043 1488 si
1065 1432 1095 1486 ct
1117 1427 1194 1489 Sco.

159 1533 211 1588 ms
242 1532 273 1587 el
305 1524 427 1587 indicae
459 1524 536 1587 illins
568 1524 772 1604 philosophiae
806 1531 944 1586 auctores
980 1541 1035 1586 suo
1072 1525 1196 1606 quisque

156 1627 255 1690 blanc
276 1627 333 1688 sibi
357 1643 414 1689 ova
435 1625 589 1706 pullosque
609 1624 752 1687 iecerint:
777 1631 808 1686 et
824 1627 976 1716 eosipsos
990 1625 1194 1706 philosophos,

156 1743 236 1807 quos
257 1727 386 1808 Erigena
408 1726 465 1788 sibi
486 1725 578 1786 doces
602 1725 693 1805 elegit
715 1743 752 1786 ac
779 1732 1010 1806 praeceptores,
1041 1725 1196 1806 plurimum

155 1826 298 1890 ludorum
315 1825 559 1907 philosophorum
578 1826 688 1887 scrinia
711 1825 888 1905 compilasse
910 1827 1029 1888 scimus.

133 1979 136 1984 .
243 1925 302 1988 lam
317 1941 402 2004 vero,
423 1927 570 2004 exposito,
595 1943 680 2006 quarn
702 1925 780 1986 nulla
803 1925 948 2004 probabili
970 1925 1085 1986 ratione
1107 1924 1197 1987 adhi-

153 2027 221 2090 bita
242 2043 377 2088 rumores
399 2024 439 2088 illi
461 2025 499 2086 de
520 2025 640 2088 loannis
661 2027 757 2087 nostri
772 2025 926 2086 itineribus
946 2024 1110 2086 circumlati
1126 2026 1195 2086 i'ue-

152 2130 225 2205 rint,
247 2128 350 2207 paucis
371 2124 420 2202 id,
453 2125 682 2206 propterquod
703 2125 885 2204 potissimum
909 2141 945 2186 ea
966 2126 1088 2186 ornnino
1113 2125 1192 2186 nulla

153 2243 228 2290 esse
253 2233 395 2305 putemus,
428 2224 648 2304 explicabimus.
690 2225 814 2287 Primum
846 2225 935 2304 igitur
967 2224 1109 2286 habemus
1132 2223 1194 2286 lra-

152 2331 309 2410 gmentum
330 2323 494 2405 epistolae,
525 2343 610 2404 quarn
624 2326 806 2388 'Anastasius
829 2325 1091 2401 bibliothecarius,
1111 2325 1193 2388 Scoti

152 2425 291 2507 aequalis
313 2429 342 2485 et
362 2441 491 2486 summus
513 2425 691 2502 admirator,
723 2425 760 2486 de
790 2441 827 2487 eo
858 2423 896 2486 ad
919 2425 1055 2487 carolum
1078 2425 1192 2488 calvum

128 2527 254 2602 .misit,
283 2541 400 2604 quaque
419 2525 604 2603 apertissime
626 2524 823 2602 demonstrat,
856 2541 890 2586 se
912 2524 983 2586 nihii
1003 2541 1129 2605 unquam
1154 2525 1192 2588 de

151 2627 213 2690 ulla
227 2625 388 2705 longinqua
404 2627 467 2686 eius
482 2626 724 2706 peregrinatione
742 2625 902 2686 aurlivisse.
924 2626 1033 2687 Scribit
1046 2629 1124 2686 enirn
1134 2629 1191 2702 ³⁵):

152 2723 342 2812 „Mirandum
373 2741 489 2805 quoque
523 2732 589 2801 est,
624 2725 774 2805 quomodo
797 2725 844 2786 ille
868 2725 913 2787 vir
944 2725 1108 2804 barbarus,
1139 2728 1192 2788 lo-

149 2845 263 2890 annem
286 2827 366 2902 dico,
387 2825 447 2904 ille,
474 2827 524 2906 qui
546 2826 574 2886 in
598 2825 705 2888 linibus
729 2826 829 2887 mundi
854 2827 978 2905 positus,
1011 2833 1122 2906 quanto
1143 2825 1190 2888 ab
1257 2887 1264 2902 ,

148 2927 376 2992 hominibus
397 2925 718 3003 conversatione,
752 2931 832 2987 tanto
853 2925 935 2988 credi
955 2931 1048 3006 potnit
1069 2929 1190 2989 alterius

147 3030 274 3110 linguae
292 3027 421 3088 dictione
441 3025 630 3106 longinquus,
653 3026 721 3087 talia
743 3025 894 3086 intellectu
913 3044 1021 3106 capere
1036 3029 1065 3087 in
1082 3026 1187 3086 aliam-

148 3147 212 3212 que
234 3127 362 3209 linguam
385 3125 546 3188 transferre
569 3125 781 3202 votuertrups‘
802 3161 843 3173 -
866 3127 981 3189 Deinde
1004 3145 1028 3188 s.
1052 3125 1187 3188 Pruden-

150 3295 492 3315 ἰ’-ιι.-ι-κ-ι--ι--Ι

252 3413 387 3480 Umgunge
406 3412 455 3461 mit
474 3411 528 3462 cleu
546 3411 655 3464 Weiseu
674 3412 763 3463 selues
779 3411 836 3461 zeta
855 3409 1005 3461 vermendet
1033 3409 1124 3472 hatte,
1151 3425 1185 3458 un

253 3497 307 3550 deu
327 3499 385 3549 llot'
399 3497 471 3549 carta
488 3497 535 3548 des
554 3496 688 3550 Kahlen.“

181 3619 234 3690 34)
253 3619 289 3670 cl'.
318 3619 401 3670 Hock·
428 3619 475 3668 l.l.
493 3635 517 3687 p.
538 3617 588 3679 33„
616 3624 672 3669 uot.
700 3618 730 3682 23
757 3619 850 3669 hitter.
872 3617 1031 3670 Geachichle
1053 3616 1100 3669 der
1120 3615 1182 3668 Phi-

249 3706 383 3776 loaophie.
402 3705 543 3773 Hamburg.
563 3705 624 3757 Vol.
644 3704 686 3767 Ν,
704 3723 730 3776 p·
753 3703 812 3766 cot,
834 3713 889 3758 not.
907 3704 932 3756 4.
952 3736 985 3746 -

180 3829 232 3890 35)
251 3826 284 3878 cl.
304 3825 400 3880 Thone.
421 3824 496 3876 Gale.
515 3824 611 3876 testim.
632 3842 656 3894 p.
675 3825 699 3877 8.
722 3855 756 3866 -

178 3948 230 4012 36)
248 3949 340 4000 Sermo
373 3955 412 3998 est
446 3947 478 3996 de
511 3945 773 4011 Pseudo-Dionysii
804 3943 893 4005 libris,
935 3961 1002 4010 quos
1034 3945 1144 4012 Erigone
1164 3961 1179 3992 e

247 4033 379 4086 Graeca
408 4035 527 4086 oratione
552 4033 579 4084 iu
602 4034 724 4084 Latinam
752 4033 893 4084 convertit.
932 4031 967 4082 lio
995 4033 1081 4082 minue
1100 4031 1181 4098 igitur
