2938 4716
291 347 332 414 56

291 533 479 613 assequutus,
497 533 530 591 ut
550 532 610 590 nnn
632 527 752 610 entique
774 543 831 590 nos
850 531 1046 608 possessione
1064 530 1247 594 exturbaret.
1270 529 1334 594 lloo

290 637 323 695 ut
342 632 460 712 plnnunn
481 627 542 708 liet,
571 630 675 710 paucis
696 629 742 690 rei
764 643 1127 711 summemproponemus
1149 636 1237 710 utque
1259 649 1335 692 exu-

289 728 467 794 ninnbinus
481 729 543 802 iit:

374 827 459 903 Quod
483 827 618 907 primurn,
638 841 833 907 ‹praeeunque
851 821 1052 907 Berengorius
1073 813 1198 907 eiusque
1220 845 1335 910 nequo-

289 926 334 990 les
371 927 410 988 de
442 927 534 990 Soolo
563 943 618 988 suo
641 925 800 1004 dixissent,
831 929 920 989 etiam
943 926 981 988 de
1002 925 1153 1002 Retromni
1174 927 1250 988 libro
1275 921 1337 990 dici

289 1043 382 1108 posse
405 1026 580 1104 affirmavit,
613 1041 650 1087 oo
670 1027 729 1089 inin
750 1026 840 1105 inde,
863 1026 956 1100 libros
976 1027 1043 1088 illos
1066 1045 1127 1090 non
1150 1027 1245 1106 duos,
1281 1027 1335 1090 sed

288 1143 378 1189 uuum
399 1125 586 1206 eundemque
609 1127 712 1204 luisse,
735 1128 907 1190 conclusum
929 1127 1034 1201 voluit,
1057 1135 1103 1190 est
1125 1127 1203 1191 istud
1216 1127 1335 1209 quidem
1401 1161 1405 1172 ·

291 1226 414 1307 aliquid,
438 1243 540 1288 vesum
563 1227 592 1288 in
614 1244 652 1288 eo
674 1244 859 1308 nequaquem
882 1235 951 1289 sunt
972 1229 1080 1290 omnio.
1104 1227 1234 1289 deleret
1253 1235 1336 1289 corte

289 1327 337 1389 ius
358 1343 444 1388 suurn
480 1327 521 1387 ita
545 1325 745 1390 concludendi
768 1328 794 1390 si
818 1328 950 1409 pluribus
973 1327 1021 1390 ille
1043 1329 1124 1390 Scoii
1146 1327 1223 1389 liber
1245 1327 1336 1389 uobis

177 1503 181 1512 ¹
290 1424 457 1506 descriptos
478 1432 571 1500 esset,
593 1443 670 1512 quse
691 1427 813 1490 ornuino
836 1429 865 1490 in
881 1428 1033 1490 unerannt
1052 1445 1126 1508 opus
1139 1427 1334 1507 quadrarent,

289 1542 346 1586 nee
370 1523 458 1587 looile
483 1525 514 1586 iu
536 1525 652 1587 duobus
674 1525 798 1589 duonum
817 1533 971 1588 euclorurn
993 1525 1075 1588 libris
1100 1533 1158 1586 lom
1191 1527 1271 1587 inter
1301 1541 1336 1588 se

194 1679 196 1682 .
289 1623 397 1688 sinitis
428 1629 553 1704 possent
589 1625 725 1704 reperiri.
767 1627 807 1688 nt
836 1627 1015 1706 peueissirna
1046 1631 1156 1686 tanturn
1191 1625 1230 1684 de
1252 1626 1335 1687 Senti

288 1723 365 1788 lilino
389 1731 670 1803 commemorentur,
695 1731 784 1805 elque
805 1741 852 1801 eo,
875 1743 915 1786 ex
930 1719 1041 1805 ¹quibus
1064 1724 1180 1786 lucilius
1198 1723 1336 1804 colliges,

290 1824 443 1886 diversum
466 1823 546 1886 illurn
577 1825 770 1887 elietrurnni
802 1824 880 1888 libro
914 1825 1026 1904 luisse,
1059 1839 1146 1904 quern
1175 1841 1241 1886 ourn
1274 1823 1335 1885 hoe

288 1941 376 1987 unuin
398 1923 596 2006 eundemque.

370 2025 424 2088 Est
444 2025 574 2108 quidem,
595 2030 628 2088 ut
650 2022 809 2086 nonnullus
828 2039 879 2084 res
903 2020 1045 2085 desueto
1064 2022 1334 2102 sintsoripuew),

323 2289 370 2360 79)
388 2288 557 2360 Quemqusm
582 2288 650 2340 hseo
676 2304 717 2340 res
736 2287 818 2356 dignu
838 2294 887 2346 est,
906 2303 976 2364 quine
996 2287 1144 2340 accuratius
1165 2290 1332 2358 exploretur.

387 2376 490 2429 Multae
508 2384 597 2427 sutem
616 2383 680 2427 suut
695 2391 801 2439 course,
820 2391 889 2446 quoe
907 2377 1127 2446 nos,'quominus
1147 2376 1198 2426 ism
1218 2375 1334 2428 nuncid

387 2472 560 2534 praestemus,
581 2460 738 2532 impediunt.

322 2567 370 2632 80)
388 2567 422 2618 cs.
445 2567 534 2618 Louss.
554 2566 572 2617 Ι.
591 2582 614 2616 e.
634 2583 661 2635 p.
681 2563 740 2628 763,
760 2563 819 2617 765.
855 2561 932 2635 Quae
951 2581 977 2634 p·
997 2565 1048 2618 763
1065 2565 1205 2633 leguntur:
1226 2564 1333 2622 „Caroli

385 2653 482 2722 magui,
502 2652 693 2704 sntrcessorisl‘
712 2690 719 2706 .
739 2688 761 2714 .,
787 2649 859 2720 apud
882 2651 1052 2713 Dseherium,
1087 2652 1124 2702 ilo
1155 2668 1183 2704 so
1216 2649 1332 2703 hubent:

329 2779 331 2783 v
389 2739 493 2803 „Caroli
513 2738 603 2806 magui
619 2739 823 2792 antecessoris..
842 2741 866 2788 .“
894 2737 934 2779 -'
947 2737 1025 2807 Apud
1044 2739 1138 2789 Iliensi.
1165 2737 1251 2807 (cone.
1279 2738 1333 2788 eol·

390 2835 456 2878 tom.
484 2824 545 2878 xlx
572 2825 624 2876 col.
645 2821 744 2898 idon)
774 2823 901 2893 scriplum
924 2832 977 2875 eslr
1009 2823 1116 2880 „Coreli
1141 2823 1229 2892 magui
1255 2831 1334 2874 unle-

389 2911 530 2965 cessoris.“
551 2938 585 2952 -
610 2911 716 2982 Quodsi
750 2911 779 2962 in
808 2909 855 2960 ille
883 2911 1033 2982 Berrngerii
1054 2911 1133 2979 epist.
1152 2911 1185 2962 ud
1210 2908 1333 2964 lliolssrd.

387 3006 479 3070 potesl
504 2998 576 3068 legi:
601 2997 745 3061 „noveriw
768 2997 909 3068 (lleuricus
928 2995 953 3059 l,
982 3014 1028 3049 rex
1047 2998 1213 3070 Gallorum),
1244 3013 1334 3067 „quoe

388 3085 483 3137 scribit
511 3087 626 3138 loannes
655 3085 764 3146 Soolns,
797 3084 902 3135 monitu
929 3101 990 3135 eum
1014 3085 1153 3156 scripsisse
1181 3087 1334 3156 praecorio-

387 3187 441 3242 que
469 3171 559 3224 Ceroli
591 3172 678 3240 magui
703 3171 880 3222 antecessoris
909 3172 950 3221 sui
973 3206 980 3220 .
1001 3204 1008 3220 .
1032 3179 1068 3233 .,“
1087 3200 1121 3212 -
1150 3188 1204 3240 quo
1225 3171 1282 3223 iure
1301 3188 1335 3222 ex

386 3256 516 3310 hoeloeo
534 3259 688 3326 colligitur,
720 3255 817 3308 librum
836 3257 931 3318 illum,
962 3271 1041 3326 quern
1071 3265 1174 3328 sprolst
1200 3259 1335 3327 Berrnge-

386 3345 459 3409 rins,
489 3344 585 3396 eodem
612 3341 717 3408 modo,
744 3344 924 3396 uollstrsrnui
948 3359 1024 3414 opus,
1041 3346 1168 3414 seriptum
1193 3345 1275 3397 luisse
1306 3352 1335 3396 et

385 3432 492 3483 missum
524 3429 560 3482 ud
590 3430 733 3495 „Cerolum
766 3447 891 3498 magnum
921 3431 1146 3501 imperatoremve?
1170 3463 1205 3475 -
1229 3431 1333 3484 Deinde

389 3518 531 3589 heeoipsu
551 3519 793 3580 renuntiauerant
815 3519 885 3569 libro
911 3520 1071 3588 precessisse,
1099 3537 1154 3572 uon
1180 3521 1263 3590 ipsius
1283 3523 1333 3572 lia-

387 3608 484 3660 tremet
509 3621 568 3659 esse
595 3606 741 3658 eredimus:
769 3609 830 3656 nens
857 3607 884 3656 iu
910 3606 1097 3676 antiquissimo
1123 3607 1217 3660 codiee
1245 3626 1280 3667 m.
1302 3625 1334 3671 s.,

388 3711 469 3764 quem
494 3693 600 3746 Mnbttt.
627 3698 696 3764 (ecte
720 3693 819 3745 Benesl.
843 3708 912 3744 suec.
933 3695 977 3745 tv.
997 3703 1059 3746 tom.
1078 3695 1112 3746 ll.
1134 3693 1219 3765 prael.
1239 3713 1265 3746 n.
1284 3693 1332 3767 83)

385 3780 464 3843 sidit,
482 3781 521 3833 its
539 3783 666 3851 scriptum
686 3780 757 3832 suin:
785 3779 904 3849 „incipit
922 3779 990 3832 liber
1008 3781 1143 3833 lintremui
1169 3781 1203 3833 de
1222 3796 1334 3849 eorpore

387 3875 416 3920 et
434 3869 564 3937 sunguine
584 3869 702 3921 Domini.
738 3870 865 3928 luesistis,
884 3868 1000 3936 gloriose
1017 3869 1172 3939 Princeps.⁰⁴
1192 3895 1226 3910 --
1256 3866 1335 3920 Nihil

387 3953 508 4026 denique
520 3964 562 4008 est
572 3955 600 4008 in
616 3971 660 4019 eo,
678 3954 754 4026 quod
766 3955 871 4017 Seotus,
891 3952 985 4006 eedem
997 3962 1084 4025 paeto,
1100 3971 1154 4024 quo
1166 3949 1334 4018 listre'rnuus,

388 4039 478 4094 Caroli
497 4043 570 4096 iussu
587 4043 724 4113 scripsisse
745 4041 852 4105 diuisus
869 4057 952 4112 quum
970 4041 1000 4094 in
1018 4039 1189 4095 Gothesssloi
1207 4039 1287 4093 oense
1306 4051 1335 4093 es
