<?xml version="1.0" encoding="UTF-8"?>
<!DOCTYPE html PUBLIC "-//W3C//DTD XHTML 1.0 Transitional//EN"
    "http://www.w3.org/TR/xhtml1/DTD/xhtml1-transitional.dtd">
<html xmlns="http://www.w3.org/1999/xhtml" xml:lang="en" lang="en">
 <head>
  <title>
</title>
<meta http-equiv="Content-Type" content="text/html;charset=utf-8" />
  <meta name='ocr-system' content='tesseract 3.04.00' />
  <meta name='ocr-capabilities' content='ocr_page ocr_carea ocr_par ocr_line ocrx_word'/>
</head>
<body>
  <div class='ocr_page' id='page_1' title='image "./deioannescotoer00unkngoog_0111.png"; bbox 0 0 2934 4710; ppageno 0'>
   <div class='ocr_carea' id='block_1_1' title="bbox 289 367 353 436">
    <p class='ocr_par' dir='ltr' id='par_1_1' title="bbox 289 367 353 436">
     <span class='ocr_line' id='line_1_1' title="bbox 289 367 353 436; baseline -0.016 -1"><span class='ocrx_word' id='word_1_1' title='bbox 289 367 353 436; x_wconf 81' lang='lat' dir='ltr'><strong>tot</strong></span> 
     </span>
    </p>
   </div>
   <div class='ocr_carea' id='block_1_2' title="bbox 286 543 1336 1634">
    <p class='ocr_par' dir='ltr' id='par_1_2' title="bbox 286 543 1336 1634">
     <span class='ocr_line' id='line_1_2' title="bbox 287 543 1334 630; baseline 0.003 -20"><span class='ocrx_word' id='word_1_2' title='bbox 287 545 440 630; x_wconf 80' lang='lat' dir='ltr'><strong>principiis</strong></span> <span class='ocrx_word' id='word_1_3' title='bbox 461 545 524 608; x_wconf 90' lang='lat' dir='ltr'><strong>suis</strong></span> <span class='ocrx_word' id='word_1_4' title='bbox 543 543 874 624; x_wconf 82' lang='lat' dir='ltr'><strong>incomprehensibilem</strong></span> <span class='ocrx_word' id='word_1_5' title='bbox 906 545 1089 610; x_wconf 76' lang='lat' dir='ltr'><strong>altitudinem</strong></span> <span class='ocrx_word' id='word_1_6' title='bbox 1114 565 1225 612; x_wconf 85' lang='lat' dir='ltr'><strong>vocare</strong></span> <span class='ocrx_word' id='word_1_7' title='bbox 1251 567 1334 613; x_wconf 92' lang='lat' dir='ltr'><strong>noc-</strong></span> 
     </span>
     <span class='ocr_line' id='line_1_3' title="bbox 289 645 1335 729; baseline 0.001 -19"><span class='ocrx_word' id='word_1_8' title='bbox 289 652 379 710; x_wconf 86' lang='lat' dir='ltr'><strong>tem.“</strong></span> <span class='ocrx_word' id='word_1_9' title='bbox 400 645 597 725; x_wconf 75' lang='lat' dir='ltr'><strong>„Factumque</strong></span> <span class='ocrx_word' id='word_1_10' title='bbox 611 650 657 706; x_wconf 87' lang='lat' dir='ltr'><strong>est</strong></span> <span class='ocrx_word' id='word_1_11' title='bbox 668 659 795 724; x_wconf 86' lang='lat' dir='ltr'><strong>vespere</strong></span> <span class='ocrx_word' id='word_1_12' title='bbox 809 649 839 705; x_wconf 90' lang='lat' dir='ltr'><strong>et</strong></span> <span class='ocrx_word' id='word_1_13' title='bbox 859 661 946 707; x_wconf 88' lang='lat' dir='ltr'><strong>mane</strong></span> <span class='ocrx_word' id='word_1_14' title='bbox 963 645 1028 708; x_wconf 89' lang='lat' dir='ltr'><strong>dies</strong></span> <span class='ocrx_word' id='word_1_15' title='bbox 1049 653 1142 708; x_wconf 74' lang='lat' dir='ltr'><strong>unus⁰¹</strong></span> <span class='ocrx_word' id='word_1_16' title='bbox 1154 684 1195 698; x_wconf 88' lang='lat'><em>-</em></span> <span class='ocrx_word' id='word_1_17' title='bbox 1207 667 1335 729; x_wconf 85' lang='lat' dir='ltr'><strong>,quam-</strong></span> 
     </span>
     <span class='ocr_line' id='line_1_4' title="bbox 288 743 1333 812; baseline -0.003 -2"><span class='ocrx_word' id='word_1_18' title='bbox 288 748 335 810; x_wconf 80' lang='lat' dir='ltr'><strong>vis</strong></span> <span class='ocrx_word' id='word_1_19' title='bbox 357 746 434 808; x_wconf 89' lang='lat' dir='ltr'><strong>enim</strong></span> <span class='ocrx_word' id='word_1_20' title='bbox 457 745 537 807; x_wconf 91' lang='lat' dir='ltr'><strong>inter</strong></span> <span class='ocrx_word' id='word_1_21' title='bbox 570 743 783 806; x_wconf 81' lang='lat' dir='ltr'><strong>obscuritatem</strong></span> <span class='ocrx_word' id='word_1_22' title='bbox 818 761 975 807; x_wconf 91' lang='lat' dir='ltr'><strong>causarum</strong></span> <span class='ocrx_word' id='word_1_23' title='bbox 997 753 1027 808; x_wconf 92' lang='lat' dir='ltr'><strong>et</strong></span> <span class='ocrx_word' id='word_1_24' title='bbox 1048 746 1212 810; x_wconf 89' lang='lat' dir='ltr'><strong>claritatem</strong></span> <span class='ocrx_word' id='word_1_25' title='bbox 1236 748 1333 812; x_wconf 85' lang='lat' dir='ltr'><strong>ellac.</strong></span> 
     </span>
     <span class='ocr_line' id='line_1_5' title="bbox 287 843 1336 929; baseline 0 -19"><span class='ocrx_word' id='word_1_26' title='bbox 287 854 368 910; x_wconf 92' lang='lat' dir='ltr'><strong>tuum</strong></span> <span class='ocrx_word' id='word_1_27' title='bbox 390 845 499 908; x_wconf 89' lang='lat' dir='ltr'><strong>divisio</strong></span> <span class='ocrx_word' id='word_1_28' title='bbox 518 843 703 926; x_wconf 83' lang='lat' dir='ltr'><strong>intelligatur</strong></span> <span class='ocrx_word' id='word_1_29' title='bbox 727 849 757 906; x_wconf 91' lang='lat' dir='ltr'><strong>et</strong></span> <span class='ocrx_word' id='word_1_30' title='bbox 779 843 956 924; x_wconf 83' lang='lat' dir='ltr'><strong>dttterenrta,</strong></span> <span class='ocrx_word' id='word_1_31' title='bbox 977 862 1054 908; x_wconf 88' lang='lat' dir='ltr'><strong>unus</strong></span> <span class='ocrx_word' id='word_1_32' title='bbox 1075 853 1173 909; x_wconf 90' lang='lat' dir='ltr'><strong>tamen</strong></span> <span class='ocrx_word' id='word_1_33' title='bbox 1193 845 1336 929; x_wconf 85' lang='lat' dir='ltr'><strong>idemque</strong></span> 
     </span>
     <span class='ocr_line' id='line_1_6' title="bbox 288 946 1336 1025; baseline 0.001 -14"><span class='ocrx_word' id='word_1_34' title='bbox 288 949 355 1011; x_wconf 90' lang='lat' dir='ltr'><strong>dies</strong></span> <span class='ocrx_word' id='word_1_35' title='bbox 379 953 425 1010; x_wconf 86' lang='lat' dir='ltr'><strong>est</strong></span> <span class='ocrx_word' id='word_1_36' title='bbox 444 947 474 1008; x_wconf 92' lang='lat' dir='ltr'><strong>h.</strong></span> <span class='ocrx_word' id='word_1_37' title='bbox 500 963 527 1007; x_wconf 93' lang='lat' dir='ltr'><strong>e.</strong></span> <span class='ocrx_word' id='word_1_38' title='bbox 548 962 624 1008; x_wconf 92' lang='lat' dir='ltr'><strong>unus</strong></span> <span class='ocrx_word' id='word_1_39' title='bbox 648 961 752 1008; x_wconf 89' lang='lat' dir='ltr'><strong>eornm</strong></span> <span class='ocrx_word' id='word_1_40' title='bbox 776 946 965 1025; x_wconf 87' lang='lat' dir='ltr'><strong>intellectus;</strong></span> <span class='ocrx_word' id='word_1_41' title='bbox 985 965 1047 1011; x_wconf 90' lang='lat' dir='ltr'><strong>non</strong></span> <span class='ocrx_word' id='word_1_42' title='bbox 1068 947 1220 1010; x_wconf 82' lang='lat' dir='ltr'><strong>animalia</strong></span> <span class='ocrx_word' id='word_1_43' title='bbox 1240 967 1336 1012; x_wconf 87' lang='lat' dir='ltr'><strong>crea-</strong></span> 
     </span>
     <span class='ocr_line' id='line_1_7' title="bbox 289 1044 1336 1128; baseline 0 -16"><span class='ocrx_word' id='word_1_44' title='bbox 289 1055 355 1112; x_wconf 89' lang='lat' dir='ltr'><strong>tura</strong></span> <span class='ocrx_word' id='word_1_45' title='bbox 376 1045 550 1128; x_wconf 79' lang='lat' dir='ltr'><strong>intelligitur</strong></span> <span class='ocrx_word' id='word_1_46' title='bbox 572 1045 603 1108; x_wconf 93' lang='lat' dir='ltr'><strong>in</strong></span> <span class='ocrx_word' id='word_1_47' title='bbox 625 1045 724 1108; x_wconf 74' lang='lat' dir='ltr'><strong>onusb</strong></span> <span class='ocrx_word' id='word_1_48' title='bbox 744 1044 844 1127; x_wconf 85' lang='lat' dir='ltr'><strong>lacta,</strong></span> <span class='ocrx_word' id='word_1_49' title='bbox 866 1047 923 1110; x_wconf 90' lang='lat' dir='ltr'><strong>alia</strong></span> <span class='ocrx_word' id='word_1_50' title='bbox 944 1047 973 1110; x_wconf 91' lang='lat' dir='ltr'><strong>in</strong></span> <span class='ocrx_word' id='word_1_51' title='bbox 997 1047 1152 1111; x_wconf 81' lang='lat' dir='ltr'><strong>effectibus</strong></span> <span class='ocrx_word' id='word_1_52' title='bbox 1176 1067 1336 1112; x_wconf 88' lang='lat' dir='ltr'><strong>causarum</strong></span> 
     </span>
     <span class='ocr_line' id='line_1_8' title="bbox 288 1145 1336 1227; baseline 0.001 -16"><span class='ocrx_word' id='word_1_53' title='bbox 288 1147 428 1224; x_wconf 90' lang='lat' dir='ltr'><strong>condita,</strong></span> <span class='ocrx_word' id='word_1_54' title='bbox 448 1145 503 1208; x_wconf 88' lang='lat' dir='ltr'><strong>scd</strong></span> <span class='ocrx_word' id='word_1_55' title='bbox 525 1163 585 1208; x_wconf 90' lang='lat' dir='ltr'><strong>uno</strong></span> <span class='ocrx_word' id='word_1_56' title='bbox 615 1145 781 1226; x_wconf 80' lang='lat' dir='ltr'><strong>eademque</strong></span> <span class='ocrx_word' id='word_1_57' title='bbox 813 1147 845 1209; x_wconf 90' lang='lat' dir='ltr'><strong>in</strong></span> <span class='ocrx_word' id='word_1_58' title='bbox 878 1147 1044 1211; x_wconf 90' lang='lat' dir='ltr'><strong>rationibus</strong></span> <span class='ocrx_word' id='word_1_59' title='bbox 1068 1149 1219 1227; x_wconf 90' lang='lat' dir='ltr'><strong>aeternis,</strong></span> <span class='ocrx_word' id='word_1_60' title='bbox 1239 1149 1336 1213; x_wconf 87' lang='lat' dir='ltr'><strong>veluti</strong></span> 
     </span>
     <span class='ocr_line' id='line_1_9' title="bbox 288 1243 1336 1329; baseline 0 -18"><span class='ocrx_word' id='word_1_61' title='bbox 288 1249 319 1312; x_wconf 94' lang='lat' dir='ltr'><strong>in</strong></span> <span class='ocrx_word' id='word_1_62' title='bbox 343 1243 517 1327; x_wconf 87' lang='lat' dir='ltr'><strong>quibusdam</strong></span> <span class='ocrx_word' id='word_1_63' title='bbox 539 1244 673 1309; x_wconf 90' lang='lat' dir='ltr'><strong>tenebris</strong></span> <span class='ocrx_word' id='word_1_64' title='bbox 703 1246 925 1310; x_wconf 83' lang='lat' dir='ltr'><strong>secretissimae</strong></span> <span class='ocrx_word' id='word_1_65' title='bbox 953 1248 1118 1329; x_wconf 89' lang='lat' dir='ltr'><strong>sapientiae</strong></span> <span class='ocrx_word' id='word_1_66' title='bbox 1141 1249 1222 1311; x_wconf 89' lang='lat' dir='ltr'><strong>omni</strong></span> <span class='ocrx_word' id='word_1_67' title='bbox 1241 1247 1336 1311; x_wconf 91' lang='lat' dir='ltr'><strong>intel-</strong></span> 
     </span>
     <span class='ocr_line' id='line_1_10' title="bbox 288 1345 1335 1426; baseline 0.001 -17"><span class='ocrx_word' id='word_1_68' title='bbox 288 1347 368 1409; x_wconf 89' lang='lat' dir='ltr'><strong>lectu</strong></span> <span class='ocrx_word' id='word_1_69' title='bbox 387 1352 521 1408; x_wconf 87' lang='lat' dir='ltr'><strong>remotae</strong></span> <span class='ocrx_word' id='word_1_70' title='bbox 543 1351 574 1408; x_wconf 91' lang='lat' dir='ltr'><strong>et</strong></span> <span class='ocrx_word' id='word_1_71' title='bbox 603 1345 633 1407; x_wconf 92' lang='lat' dir='ltr'><strong>in</strong></span> <span class='ocrx_word' id='word_1_72' title='bbox 654 1345 902 1426; x_wconf 87' lang='lat' dir='ltr'><strong>processionibus</strong></span> <span class='ocrx_word' id='word_1_73' title='bbox 931 1349 1058 1410; x_wconf 90' lang='lat' dir='ltr'><strong>rationis</strong></span> <span class='ocrx_word' id='word_1_74' title='bbox 1077 1349 1108 1410; x_wconf 92' lang='lat' dir='ltr'><strong>in</strong></span> <span class='ocrx_word' id='word_1_75' title='bbox 1132 1347 1257 1410; x_wconf 82' lang='lat' dir='ltr'><strong>allectus</strong></span> <span class='ocrx_word' id='word_1_76' title='bbox 1281 1349 1335 1411; x_wconf 90' lang='lat' dir='ltr'><strong>in-</strong></span> 
     </span>
     <span class='ocr_line' id='line_1_11' title="bbox 286 1444 1332 1530; baseline 0.004 -22"><span class='ocrx_word' id='word_1_77' title='bbox 286 1445 453 1508; x_wconf 91' lang='lat' dir='ltr'><strong>tellectibus</strong></span> <span class='ocrx_word' id='word_1_78' title='bbox 474 1444 682 1524; x_wconf 88' lang='lat' dir='ltr'><strong>succumbens,</strong></span> <span class='ocrx_word' id='word_1_79' title='bbox 704 1446 794 1509; x_wconf 86' lang='lat' dir='ltr'><strong>veluti</strong></span> <span class='ocrx_word' id='word_1_80' title='bbox 815 1448 847 1510; x_wconf 93' lang='lat' dir='ltr'><strong>in</strong></span> <span class='ocrx_word' id='word_1_81' title='bbox 873 1449 1001 1529; x_wconf 87' lang='lat' dir='ltr'><strong>quadum</strong></span> <span class='ocrx_word' id='word_1_82' title='bbox 1022 1448 1071 1512; x_wconf 91' lang='lat' dir='ltr'><strong>die</strong></span> <span class='ocrx_word' id='word_1_83' title='bbox 1091 1448 1247 1530; x_wconf 80' lang='lat' dir='ltr'><strong>perlectae</strong></span> <span class='ocrx_word' id='word_1_84' title='bbox 1270 1466 1332 1512; x_wconf 90' lang='lat' dir='ltr'><strong>no-</strong></span> 
     </span>
     <span class='ocr_line' id='line_1_12' title="bbox 287 1543 1330 1634; baseline 0.001 -26"><span class='ocrx_word' id='word_1_85' title='bbox 287 1545 371 1608; x_wconf 89' lang='lat' dir='ltr'><strong>titiae</strong></span> <span class='ocrx_word' id='word_1_86' title='bbox 392 1543 660 1629; x_wconf 59' lang='lat' dir='ltr'><strong>mediterranei«</strong></span> <span class='ocrx_word' id='word_1_87' title='bbox 683 1543 747 1634; x_wconf 86' lang='lat' dir='ltr'><strong>(tlt,</strong></span> <span class='ocrx_word' id='word_1_88' title='bbox 769 1547 830 1626; x_wconf 74' lang='lat'>23.)</span> <span class='ocrx_word' id='word_1_89' title='bbox 1326 1545 1330 1560; x_wconf 87' lang='lat'>&#39;</span> 
     </span>
    </p>
   </div>
   <div class='ocr_carea' id='block_1_3' title="bbox 749 1710 864 1792">
    <p class='ocr_par' dir='ltr' id='par_1_3' title="bbox 749 1710 864 1792">
     <span class='ocr_line' id='line_1_13' title="bbox 749 1710 864 1792; baseline -0.017 -16"><span class='ocrx_word' id='word_1_90' title='bbox 749 1723 779 1792; x_wconf 78' lang='grc' dir='ltr'><strong>ς.</strong></span> <span class='ocrx_word' id='word_1_91' title='bbox 813 1710 864 1776; x_wconf 86' lang='lat' dir='ltr'><strong>ao.</strong></span> 
     </span>
    </p>
   </div>
   <div class='ocr_carea' id='block_1_4' title="bbox 219 1825 1337 2208">
    <p class='ocr_par' dir='ltr' id='par_1_4' title="bbox 219 1825 1337 2208">
     <span class='ocr_line' id='line_1_14' title="bbox 370 1825 1337 1909; baseline 0.004 -21"><span class='ocrx_word' id='word_1_92' title='bbox 370 1825 475 1906; x_wconf 81' lang='lat' dir='ltr'><strong>Neque</strong></span> <span class='ocrx_word' id='word_1_93' title='bbox 497 1825 628 1889; x_wconf 76' lang='lat' dir='ltr'><strong>alienum</strong></span> <span class='ocrx_word' id='word_1_94' title='bbox 649 1825 778 1906; x_wconf 87' lang='lat' dir='ltr'><strong>videtur,</strong></span> <span class='ocrx_word' id='word_1_95' title='bbox 799 1829 827 1890; x_wconf 87' lang='lat' dir='ltr'><strong>si</strong></span> <span class='ocrx_word' id='word_1_96' title='bbox 846 1827 905 1890; x_wconf 91' lang='lat' dir='ltr'><strong>iarn</strong></span> <span class='ocrx_word' id='word_1_97' title='bbox 927 1843 1023 1902; x_wconf 90' lang='lat' dir='ltr'><strong>nnnc,</strong></span> <span class='ocrx_word' id='word_1_98' title='bbox 1044 1842 1104 1907; x_wconf 86' lang='lat' dir='ltr'><strong>qoo</strong></span> <span class='ocrx_word' id='word_1_99' title='bbox 1130 1826 1259 1908; x_wconf 83' lang='lat' dir='ltr'><strong>lucilius,</strong></span> <span class='ocrx_word' id='word_1_100' title='bbox 1283 1829 1337 1909; x_wconf 83' lang='lat' dir='ltr'><strong>qui</strong></span> 
     </span>
     <span class='ocr_line' id='line_1_15' title="bbox 288 1924 1337 2010; baseline 0.005 -24"><span class='ocrx_word' id='word_1_101' title='bbox 288 1924 366 1987; x_wconf 87' lang='lat' dir='ltr'><strong>hacc</strong></span> <span class='ocrx_word' id='word_1_102' title='bbox 386 1925 493 1988; x_wconf 87' lang='lat' dir='ltr'><strong>lecturi</strong></span> <span class='ocrx_word' id='word_1_103' title='bbox 509 1926 588 2004; x_wconf 63' lang='lat' dir='ltr'><strong>,siah</strong></span> <span class='ocrx_word' id='word_1_104' title='bbox 620 1943 742 1990; x_wconf 88' lang='lat' dir='ltr'><strong>eausam</strong></span> <span class='ocrx_word' id='word_1_105' title='bbox 770 1933 969 2010; x_wconf 81' lang='lat' dir='ltr'><strong>cognoscant,</strong></span> <span class='ocrx_word' id='word_1_106' title='bbox 997 1925 1035 1988; x_wconf 87' lang='lat' dir='ltr'><strong>de</strong></span> <span class='ocrx_word' id='word_1_107' title='bbox 1055 1925 1242 2007; x_wconf 90' lang='lat' dir='ltr'><strong>pantheismo</strong></span> <span class='ocrx_word' id='word_1_108' title='bbox 1262 1927 1337 1990; x_wconf 86' lang='lat' dir='ltr'><strong>Eri-</strong></span> 
     </span>
     <span class='ocr_line' id='line_1_16' title="bbox 290 2025 1335 2109; baseline 0.007 -24"><span class='ocrx_word' id='word_1_109' title='bbox 290 2025 424 2107; x_wconf 79' lang='lat' dir='ltr'><strong>geniano</strong></span> <span class='ocrx_word' id='word_1_110' title='bbox 445 2043 512 2089; x_wconf 91' lang='lat' dir='ltr'><strong>cum</strong></span> <span class='ocrx_word' id='word_1_111' title='bbox 533 2025 591 2089; x_wconf 92' lang='lat' dir='ltr'><strong>illis</strong></span> <span class='ocrx_word' id='word_1_112' title='bbox 610 2027 803 2109; x_wconf 81' lang='lat' dir='ltr'><strong>argumentis,</strong></span> <span class='ocrx_word' id='word_1_113' title='bbox 836 2044 914 2109; x_wconf 87' lang='lat' dir='ltr'><strong>quae</strong></span> <span class='ocrx_word' id='word_1_114' title='bbox 935 2045 953 2090; x_wconf 89' lang='lat' dir='ltr'><strong>a</strong></span> <span class='ocrx_word' id='word_1_115' title='bbox 974 2027 1151 2091; x_wconf 88' lang='lat' dir='ltr'><strong>Soblnetero</strong></span> <span class='ocrx_word' id='word_1_116' title='bbox 1164 2029 1206 2107; x_wconf 65' lang='grc' dir='ltr'><strong>2ο)</strong></span> <span class='ocrx_word' id='word_1_117' title='bbox 1243 2029 1335 2092; x_wconf 91' lang='lat' dir='ltr'><strong>nobis</strong></span> 
     </span>
     <span class='ocr_line' id='line_1_17' title="bbox 219 2125 981 2208; baseline 0.004 -21"><span class='ocrx_word' id='word_1_118' title='bbox 219 2161 224 2172; x_wconf 87' lang='lat'>·</span> <span class='ocrx_word' id='word_1_119' title='bbox 273 2125 430 2207; x_wconf 86' lang='lat' dir='ltr'><strong>¹opposita</strong></span> <span class='ocrx_word' id='word_1_120' title='bbox 452 2131 532 2208; x_wconf 81' lang='lat' dir='ltr'><strong>sunt,</strong></span> <span class='ocrx_word' id='word_1_121' title='bbox 552 2143 616 2190; x_wconf 91' lang='lat' dir='ltr'><strong>rem</strong></span> <span class='ocrx_word' id='word_1_122' title='bbox 639 2133 730 2190; x_wconf 87' lang='lat' dir='ltr'><strong>totam</strong></span> <span class='ocrx_word' id='word_1_123' title='bbox 751 2126 981 2190; x_wconf 80' lang='lat' dir='ltr'><strong>confecerimus.</strong></span> 
     </span>
    </p>
   </div>
   <div class='ocr_carea' id='block_1_5' title="bbox 692 2289 866 2374">
    <p class='ocr_par' dir='ltr' id='par_1_5' title="bbox 692 2289 866 2374">
     <span class='ocr_line' id='line_1_18' title="bbox 692 2289 866 2374; baseline 0.04 -24"><span class='ocrx_word' id='word_1_124' title='bbox 692 2339 696 2350; x_wconf 94' lang='lat'>.</span> <span class='ocrx_word' id='word_1_125' title='bbox 753 2305 782 2374; x_wconf 76' lang='grc' dir='ltr'><strong>ς.</strong></span> <span class='ocrx_word' id='word_1_126' title='bbox 816 2289 866 2357; x_wconf 85' lang='lat' dir='ltr'><strong>to.</strong></span> 
     </span>
    </p>
   </div>
   <div class='ocr_carea' id='block_1_6' title="bbox 292 2407 1338 3492">
    <p class='ocr_par' dir='ltr' id='par_1_6' title="bbox 292 2407 1338 3492">
     <span class='ocr_line' id='line_1_19' title="bbox 374 2407 1336 2491; baseline 0.004 -20"><span class='ocrx_word' id='word_1_127' title='bbox 374 2407 477 2491; x_wconf 88' lang='lat' dir='ltr'><strong>ltaque</strong></span> <span class='ocrx_word' id='word_1_128' title='bbox 497 2417 603 2472; x_wconf 90' lang='lat' dir='ltr'><strong>nostro</strong></span> <span class='ocrx_word' id='word_1_129' title='bbox 624 2409 747 2473; x_wconf 84' lang='lat' dir='ltr'><strong>tandem</strong></span> <span class='ocrx_word' id='word_1_130' title='bbox 768 2410 833 2473; x_wconf 87' lang='lat' dir='ltr'><strong>iure</strong></span> <span class='ocrx_word' id='word_1_131' title='bbox 853 2409 914 2472; x_wconf 89' lang='lat' dir='ltr'><strong>hoc</strong></span> <span class='ocrx_word' id='word_1_132' title='bbox 938 2410 1028 2474; x_wconf 92' lang='lat' dir='ltr'><strong>nobis</strong></span> <span class='ocrx_word' id='word_1_133' title='bbox 1047 2427 1167 2474; x_wconf 88' lang='lat' dir='ltr'><strong>sumere</strong></span> <span class='ocrx_word' id='word_1_134' title='bbox 1188 2409 1336 2489; x_wconf 86' lang='lat' dir='ltr'><strong>videmur,</strong></span> 
     </span>
     <span class='ocr_line' id='line_1_20' title="bbox 292 2508 1336 2592; baseline 0.002 -20"><span class='ocrx_word' id='word_1_135' title='bbox 292 2509 435 2574; x_wconf 85' lang='lat' dir='ltr'><strong>docuisse</strong></span> <span class='ocrx_word' id='word_1_136' title='bbox 473 2510 636 2592; x_wconf 84' lang='lat' dir='ltr'><strong>Erigonam</strong></span> <span class='ocrx_word' id='word_1_137' title='bbox 669 2528 704 2574; x_wconf 90' lang='lat' dir='ltr'><strong>re</strong></span> <span class='ocrx_word' id='word_1_138' title='bbox 724 2517 755 2572; x_wconf 89' lang='lat' dir='ltr'><strong>et</strong></span> <span class='ocrx_word' id='word_1_139' title='bbox 775 2511 856 2573; x_wconf 89' lang='lat' dir='ltr'><strong>lacto</strong></span> <span class='ocrx_word' id='word_1_140' title='bbox 877 2508 939 2588; x_wconf 92' lang='lat' dir='ltr'><strong>illa,</strong></span> <span class='ocrx_word' id='word_1_141' title='bbox 964 2511 1071 2592; x_wconf 91' lang='lat' dir='ltr'><strong>quibus</strong></span> <span class='ocrx_word' id='word_1_142' title='bbox 1092 2530 1182 2592; x_wconf 87' lang='lat' dir='ltr'><strong>supra</strong></span> <span class='ocrx_word' id='word_1_143' title='bbox 1203 2519 1241 2588; x_wconf 84' lang='lat'><strong>(§.</strong></span> <span class='ocrx_word' id='word_1_144' title='bbox 1265 2513 1336 2590; x_wconf 73' lang='lat'><strong>92.)</strong></span> 
     </span>
     <span class='ocr_line' id='line_1_21' title="bbox 296 2610 1336 2692; baseline 0.004 -20"><span class='ocrx_word' id='word_1_145' title='bbox 296 2616 388 2672; x_wconf 91' lang='lat' dir='ltr'><strong>totam</strong></span> <span class='ocrx_word' id='word_1_146' title='bbox 414 2610 482 2674; x_wconf 90' lang='lat' dir='ltr'><strong>eius</strong></span> <span class='ocrx_word' id='word_1_147' title='bbox 500 2611 719 2692; x_wconf 84' lang='lat' dir='ltr'><strong>philosophiam</strong></span> <span class='ocrx_word' id='word_1_148' title='bbox 756 2611 905 2674; x_wconf 88' lang='lat' dir='ltr'><strong>eorrtineri</strong></span> <span class='ocrx_word' id='word_1_149' title='bbox 934 2610 1077 2691; x_wconf 79' lang='lat' dir='ltr'><strong>diximus,</strong></span> <span class='ocrx_word' id='word_1_150' title='bbox 1098 2611 1336 2676; x_wconf 87' lang='lat' dir='ltr'><strong>substantialiter</strong></span> 
     </span>
     <span class='ocr_line' id='line_1_22' title="bbox 292 2708 1336 2792; baseline 0.004 -22"><span class='ocrx_word' id='word_1_151' title='bbox 292 2725 333 2772; x_wconf 87' lang='lat' dir='ltr'><strong>err</strong></span> <span class='ocrx_word' id='word_1_152' title='bbox 353 2708 520 2772; x_wconf 88' lang='lat' dir='ltr'><strong>substantia</strong></span> <span class='ocrx_word' id='word_1_153' title='bbox 542 2709 643 2773; x_wconf 85' lang='lat' dir='ltr'><strong>divina</strong></span> <span class='ocrx_word' id='word_1_154' title='bbox 662 2709 805 2788; x_wconf 85' lang='lat' dir='ltr'><strong>linxisse,</strong></span> <span class='ocrx_word' id='word_1_155' title='bbox 826 2727 966 2774; x_wconf 84' lang='lat' dir='ltr'><strong>manasse</strong></span> <span class='ocrx_word' id='word_1_156' title='bbox 990 2728 1096 2774; x_wconf 89' lang='lat' dir='ltr'><strong>causas</strong></span> <span class='ocrx_word' id='word_1_157' title='bbox 1125 2711 1336 2792; x_wconf 87' lang='lat' dir='ltr'><strong>primordiales</strong></span> 
     </span>
     <span class='ocr_line' id='line_1_23' title="bbox 292 2809 1336 2893; baseline 0.003 -22"><span class='ocrx_word' id='word_1_158' title='bbox 292 2809 423 2871; x_wconf 90' lang='lat' dir='ltr'><strong>omnium</strong></span> <span class='ocrx_word' id='word_1_159' title='bbox 468 2825 590 2888; x_wconf 88' lang='lat' dir='ltr'><strong>rerum,</strong></span> <span class='ocrx_word' id='word_1_160' title='bbox 634 2827 830 2892; x_wconf 85' lang='lat' dir='ltr'><strong>quaecunque</strong></span> <span class='ocrx_word' id='word_1_161' title='bbox 876 2811 936 2874; x_wconf 91' lang='lat' dir='ltr'><strong>hoc</strong></span> <span class='ocrx_word' id='word_1_162' title='bbox 970 2812 1172 2876; x_wconf 85' lang='lat' dir='ltr'><strong>universitatis</strong></span> <span class='ocrx_word' id='word_1_163' title='bbox 1204 2827 1336 2893; x_wconf 86' lang='lat' dir='ltr'><strong>corpore</strong></span> 
     </span>
     <span class='ocr_line' id='line_1_24' title="bbox 294 2907 1334 2993; baseline 0.004 -23"><span class='ocrx_word' id='word_1_164' title='bbox 294 2907 593 2988; x_wconf 88' lang='lat' dir='ltr'><strong>comprehendantur,</strong></span> <span class='ocrx_word' id='word_1_165' title='bbox 614 2911 749 2991; x_wconf 85' lang='lat' dir='ltr'><strong>exempla</strong></span> <span class='ocrx_word' id='word_1_166' title='bbox 770 2910 964 2992; x_wconf 78' lang='lat' dir='ltr'><strong>principalia,</strong></span> <span class='ocrx_word' id='word_1_167' title='bbox 987 2910 1101 2993; x_wconf 89' lang='lat' dir='ltr'><strong>basque</strong></span> <span class='ocrx_word' id='word_1_168' title='bbox 1122 2910 1231 2974; x_wconf 90' lang='lat' dir='ltr'><strong>deinde</strong></span> <span class='ocrx_word' id='word_1_169' title='bbox 1255 2927 1334 2974; x_wconf 89' lang='lat' dir='ltr'><strong>catr-</strong></span> 
     </span>
     <span class='ocr_line' id='line_1_25' title="bbox 293 3009 1338 3094; baseline 0.001 -22"><span class='ocrx_word' id='word_1_170' title='bbox 293 3024 345 3072; x_wconf 87' lang='lat' dir='ltr'><strong>sas</strong></span> <span class='ocrx_word' id='word_1_171' title='bbox 365 3009 575 3089; x_wconf 89' lang='lat' dir='ltr'><strong>primordiales</strong></span> <span class='ocrx_word' id='word_1_172' title='bbox 598 3011 629 3073; x_wconf 92' lang='lat' dir='ltr'><strong>in</strong></span> <span class='ocrx_word' id='word_1_173' title='bbox 653 3028 754 3074; x_wconf 91' lang='lat' dir='ltr'><strong>eurum</strong></span> <span class='ocrx_word' id='word_1_174' title='bbox 774 3010 909 3091; x_wconf 83' lang='lat' dir='ltr'><strong>effectus,</strong></span> <span class='ocrx_word' id='word_1_175' title='bbox 926 3012 1005 3076; x_wconf 89' lang='lat' dir='ltr'><strong>hanc</strong></span> <span class='ocrx_word' id='word_1_176' title='bbox 1025 3013 1120 3094; x_wconf 88' lang='lat' dir='ltr'><strong>ipsam</strong></span> <span class='ocrx_word' id='word_1_177' title='bbox 1139 3029 1239 3074; x_wconf 89' lang='lat' dir='ltr'><strong>rerum</strong></span> <span class='ocrx_word' id='word_1_178' title='bbox 1264 3012 1338 3074; x_wconf 87' lang='lat' dir='ltr'><strong>nni·-</strong></span> 
     </span>
     <span class='ocr_line' id='line_1_26' title="bbox 292 3108 1337 3192; baseline 0.003 -23"><span class='ocrx_word' id='word_1_179' title='bbox 292 3109 475 3188; x_wconf 87' lang='lat' dir='ltr'><strong>versitatem,</strong></span> <span class='ocrx_word' id='word_1_180' title='bbox 496 3108 685 3190; x_wconf 83' lang='lat' dir='ltr'><strong>profluxisse,</strong></span> <span class='ocrx_word' id='word_1_181' title='bbox 700 3127 906 3192; x_wconf 87' lang='lat' dir='ltr'><strong>promanasse,</strong></span> <span class='ocrx_word' id='word_1_182' title='bbox 926 3112 967 3176; x_wconf 89' lang='lat' dir='ltr'><strong>itu</strong></span> <span class='ocrx_word' id='word_1_183' title='bbox 984 3119 1016 3176; x_wconf 89' lang='lat' dir='ltr'><strong>nt</strong></span> <span class='ocrx_word' id='word_1_184' title='bbox 1037 3129 1135 3192; x_wconf 87' lang='lat' dir='ltr'><strong>nequo</strong></span> <span class='ocrx_word' id='word_1_185' title='bbox 1154 3111 1193 3174; x_wconf 87' lang='lat' dir='ltr'><strong>de</strong></span> <span class='ocrx_word' id='word_1_186' title='bbox 1214 3112 1337 3192; x_wconf 91' lang='lat' dir='ltr'><strong>propria</strong></span> 
     </span>
     <span class='ocr_line' id='line_1_27' title="bbox 294 3207 1336 3296; baseline 0.002 -26"><span class='ocrx_word' id='word_1_187' title='bbox 294 3223 349 3296; x_wconf 87' lang='lat' dir='ltr'><strong>sna</strong></span> <span class='ocrx_word' id='word_1_188' title='bbox 369 3207 462 3286; x_wconf 89' lang='lat' dir='ltr'><strong>sede,</strong></span> <span class='ocrx_word' id='word_1_189' title='bbox 494 3225 582 3290; x_wconf 83' lang='lat' dir='ltr'><strong>quam</strong></span> <span class='ocrx_word' id='word_1_190' title='bbox 609 3226 704 3291; x_wconf 85' lang='lat' dir='ltr'><strong>usque</strong></span> <span class='ocrx_word' id='word_1_191' title='bbox 742 3209 780 3272; x_wconf 90' lang='lat' dir='ltr'><strong>ab</strong></span> <span class='ocrx_word' id='word_1_192' title='bbox 803 3212 892 3274; x_wconf 86' lang='lat' dir='ltr'><strong>&#39;omni</strong></span> <span class='ocrx_word' id='word_1_193' title='bbox 924 3211 1100 3274; x_wconf 87' lang='lat' dir='ltr'><strong>aeternitate</strong></span> <span class='ocrx_word' id='word_1_194' title='bbox 1134 3211 1252 3291; x_wconf 89' lang='lat' dir='ltr'><strong>inipso</strong></span> <span class='ocrx_word' id='word_1_195' title='bbox 1275 3207 1336 3272; x_wconf 88' lang='lat' dir='ltr'><strong>deo</strong></span> 
     </span>
     <span class='ocr_line' id='line_1_28' title="bbox 292 3307 1337 3391; baseline 0.005 -23"><span class='ocrx_word' id='word_1_196' title='bbox 292 3309 417 3388; x_wconf 85' lang='lat' dir='ltr'><strong>eiusque</strong></span> <span class='ocrx_word' id='word_1_197' title='bbox 440 3307 601 3388; x_wconf 89' lang='lat' dir='ltr'><strong>splendore</strong></span> <span class='ocrx_word' id='word_1_198' title='bbox 623 3309 750 3374; x_wconf 89' lang='lat' dir='ltr'><strong>coelesti</strong></span> <span class='ocrx_word' id='word_1_199' title='bbox 772 3347 813 3360; x_wconf 94' lang='grc'><strong>-</strong></span> <span class='ocrx_word' id='word_1_200' title='bbox 836 3312 1037 3391; x_wconf 87' lang='lat' dir='ltr'><strong>obtinuerint,</strong></span> <span class='ocrx_word' id='word_1_201' title='bbox 1058 3313 1118 3376; x_wconf 90' lang='lat' dir='ltr'><strong>sint</strong></span> <span class='ocrx_word' id='word_1_202' title='bbox 1137 3311 1285 3386; x_wconf 88' lang='lat' dir='ltr'><strong>deiectae,</strong></span> <span class='ocrx_word' id='word_1_203' title='bbox 1304 3315 1337 3373; x_wconf 93' lang='lat' dir='ltr'><strong>et</strong></span> 
     </span>
     <span class='ocr_line' id='line_1_29' title="bbox 292 3405 1337 3492; baseline 0.001 -20"><span class='ocrx_word' id='word_1_204' title='bbox 292 3405 359 3472; x_wconf 83' lang='lat' dir='ltr'><strong>sota</strong></span> <span class='ocrx_word' id='word_1_205' title='bbox 385 3408 515 3488; x_wconf 88' lang='lat' dir='ltr'><strong>ipsamm</strong></span> <span class='ocrx_word' id='word_1_206' title='bbox 542 3409 769 3492; x_wconf 87' lang='lat' dir='ltr'><strong>participatione</strong></span> <span class='ocrx_word' id='word_1_207' title='bbox 804 3412 991 3478; x_wconf 85' lang='lat' dir='ltr'><strong>substantiali</strong></span> <span class='ocrx_word' id='word_1_208' title='bbox 1019 3449 1061 3463; x_wconf 92' lang='lat'>-</span> <span class='ocrx_word' id='word_1_209' title='bbox 1093 3413 1133 3476; x_wconf 90' lang='lat' dir='ltr'><strong>sit</strong></span> <span class='ocrx_word' id='word_1_210' title='bbox 1161 3411 1192 3474; x_wconf 94' lang='lat' dir='ltr'><strong>id</strong></span> <span class='ocrx_word' id='word_1_211' title='bbox 1227 3412 1337 3492; x_wconf 86' lang='lat' dir='ltr'><strong>ipsum,</strong></span> 
     </span>
    </p>
   </div>
   <div class='ocr_carea' id='block_1_7' title="bbox 312 3713 1338 4053">
    <p class='ocr_par' dir='ltr' id='par_1_7' title="bbox 312 3713 1338 4053">
     <span class='ocr_line' id='line_1_30' title="bbox 312 3713 1338 3790; baseline 0.002 -22"><span class='ocrx_word' id='word_1_212' title='bbox 312 3713 360 3783; x_wconf 75' lang='lat'><strong>25)</strong></span> <span class='ocrx_word' id='word_1_213' title='bbox 382 3715 440 3768; x_wconf 79' lang='lat' dir='ltr'><strong>Neo</strong></span> <span class='ocrx_word' id='word_1_214' title='bbox 466 3714 590 3769; x_wconf 77' lang='lat' dir='ltr'><strong>dissimili</strong></span> <span class='ocrx_word' id='word_1_215' title='bbox 615 3717 720 3772; x_wconf 85' lang='lat' dir='ltr'><strong>ratione</strong></span> <span class='ocrx_word' id='word_1_216' title='bbox 747 3725 831 3790; x_wconf 84' lang='lat' dir='ltr'><strong>atque</strong></span> <span class='ocrx_word' id='word_1_217' title='bbox 853 3717 991 3774; x_wconf 79' lang='lat' dir='ltr'><strong>interdum</strong></span> <span class='ocrx_word' id='word_1_218' title='bbox 1019 3719 1096 3790; x_wconf 88' lang='lat' dir='ltr'><strong>peior</strong></span> <span class='ocrx_word' id='word_1_219' title='bbox 1126 3718 1208 3770; x_wconf 84' lang='lat' dir='ltr'><strong>etiam</strong></span> <span class='ocrx_word' id='word_1_220' title='bbox 1227 3718 1255 3770; x_wconf 88' lang='lat' dir='ltr'><strong>in</strong></span> <span class='ocrx_word' id='word_1_221' title='bbox 1276 3724 1338 3770; x_wconf 80' lang='lat' dir='ltr'><strong>tote</strong></span> 
     </span>
     <span class='ocr_line' id='line_1_31' title="bbox 393 3803 1336 3878; baseline 0.002 -24"><span class='ocrx_word' id='word_1_222' title='bbox 393 3819 491 3874; x_wconf 81' lang='lat' dir='ltr'><strong>„opere</strong></span> <span class='ocrx_word' id='word_1_223' title='bbox 523 3820 569 3856; x_wconf 85' lang='lat' dir='ltr'><strong>aex</strong></span> <span class='ocrx_word' id='word_1_224' title='bbox 593 3803 717 3858; x_wconf 82' lang='lat' dir='ltr'><strong>dierum‘¹</strong></span> <span class='ocrx_word' id='word_1_225' title='bbox 743 3805 904 3878; x_wconf 80' lang='lat' dir='ltr'><strong>exponendo</strong></span> <span class='ocrx_word' id='word_1_226' title='bbox 924 3804 984 3870; x_wconf 83' lang='lat' dir='ltr'><strong>(itt,</strong></span> <span class='ocrx_word' id='word_1_227' title='bbox 1004 3803 1125 3871; x_wconf 73' lang='lat'><strong>24-403</strong></span> <span class='ocrx_word' id='word_1_228' title='bbox 1142 3803 1188 3868; x_wconf 85' lang='lat' dir='ltr'><strong>IV,</strong></span> <span class='ocrx_word' id='word_1_229' title='bbox 1210 3803 1227 3856; x_wconf 79' lang='grc'>3</span> <span class='ocrx_word' id='word_1_230' title='bbox 1245 3809 1336 3874; x_wconf 81' lang='lat' dir='ltr'><strong>seqq.)</strong></span> 
     </span>
     <span class='ocr_line' id='line_1_32' title="bbox 397 3883 1338 3963; baseline 0 -23"><span class='ocrx_word' id='word_1_231' title='bbox 397 3907 467 3960; x_wconf 86' lang='lat' dir='ltr'><strong>quae</strong></span> <span class='ocrx_word' id='word_1_232' title='bbox 496 3907 570 3942; x_wconf 78' lang='lat' dir='ltr'><strong>sacra</strong></span> <span class='ocrx_word' id='word_1_233' title='bbox 599 3893 729 3962; x_wconf 81' lang='lat' dir='ltr'><strong>scriptura</strong></span> <span class='ocrx_word' id='word_1_234' title='bbox 753 3883 990 3963; x_wconf 53' lang='lat' dir='ltr'><strong>rrl&#39;apertirrime</strong></span> <span class='ocrx_word' id='word_1_235' title='bbox 1020 3899 1141 3958; x_wconf 84' lang='lat' dir='ltr'><strong>enarrat,</strong></span> <span class='ocrx_word' id='word_1_236' title='bbox 1160 3891 1338 3961; x_wconf 74' lang='lat' dir='ltr'><strong>Erigeaiaaaa</strong></span> 
     </span>
     <span class='ocr_line' id='line_1_33' title="bbox 396 3973 1078 4053; baseline 0.007 -28"><span class='ocrx_word' id='word_1_237' title='bbox 396 3973 589 4046; x_wconf 84' lang='lat' dir='ltr'><strong>philosophiae</strong></span> <span class='ocrx_word' id='word_1_238' title='bbox 609 3975 725 4030; x_wconf 82' lang='lat' dir='ltr'><strong>decretio</strong></span> <span class='ocrx_word' id='word_1_239' title='bbox 744 3978 849 4045; x_wconf 75' lang='lat' dir='ltr'><strong>illigata</strong></span> <span class='ocrx_word' id='word_1_240' title='bbox 868 3978 1078 4053; x_wconf 81' lang='lat' dir='ltr'><strong>distorquentur.</strong></span> 
     </span>
    </p>
   </div>
   <div class='ocr_carea' id='block_1_8' title="bbox 325 4056 949 4137">
    <p class='ocr_par' dir='ltr' id='par_1_8' title="bbox 325 4056 949 4137">
     <span class='ocr_line' id='line_1_34' title="bbox 325 4056 949 4137; baseline 0.014 -28"><span class='ocrx_word' id='word_1_241' title='bbox 325 4056 372 4130; x_wconf 72' lang='lat'><strong>26)</strong></span> <span class='ocrx_word' id='word_1_242' title='bbox 399 4060 433 4114; x_wconf 82' lang='lat' dir='ltr'><strong>cl.</strong></span> <span class='ocrx_word' id='word_1_243' title='bbox 455 4063 540 4134; x_wconf 79' lang='lat' dir='ltr'><strong>prael.</strong></span> <span class='ocrx_word' id='word_1_244' title='bbox 562 4061 682 4120; x_wconf 83' lang='lat' dir='ltr'><strong>Schlnet.</strong></span> <span class='ocrx_word' id='word_1_245' title='bbox 704 4082 730 4137; x_wconf 90' lang='lat' dir='ltr'><strong>p.</strong></span> <span class='ocrx_word' id='word_1_246' title='bbox 748 4064 949 4120; x_wconf 72' lang='lat' dir='ltr'><strong>xit-attin.-</strong></span> 
     </span>
    </p>
   </div>
   <div class='ocr_carea' id='block_1_9' title="bbox 0 0 1479 4710">
    <p class='ocr_par' dir='ltr' id='par_1_9' title="bbox 0 0 1479 4710">
     <span class='ocr_line' id='line_1_35' title="bbox 0 0 1479 4710; baseline 0 0"><span class='ocrx_word' id='word_1_247' title='bbox 0 0 1479 4710; x_wconf 95' lang='lat' dir='ltr'><strong> </strong></span> 
     </span>
    </p>
   </div>
  </div>
 </body>
</html>
