2938 4716
1137 367 1178 428 37

217 545 321 626 ltaque
342 539 402 603 boc
423 538 519 602 solum
543 538 599 619 ipai
619 537 768 620 agendam
791 539 855 614 luit,
878 545 909 601 ut
929 542 1077 622 geminam
1099 541 1178 604 illam

133 644 449 728 praedestinationem,
471 657 549 720 quoe
571 641 610 704 ab
631 640 782 703 lllncmari
799 640 975 722 Pardulique
997 642 1180 708 adversariis

132 745 372 820 defendebatur,
407 741 526 804 idoneis
547 742 963 823 argumentisexpugnaret,
995 743 1041 804 sin
1072 745 1179 826 minus,

131 845 365 910 Gelbescalcum
379 861 414 904 rc
429 859 502 904 uera
514 840 804 922 praedestinatianae
818 839 936 904 baeresi
950 841 1071 907 affinem
1086 844 1180 908 laissa

131 945 321 1010 ostenderet.
364 943 417 1006 llis
454 943 543 1024 igilur
581 944 610 1002 ln
640 943 730 1003 rebus
766 959 823 1022 qua
855 942 1009 1024 diligentia
1040 951 1179 1008 versatas

131 1048 242 1124 luerit,
276 1045 364 1124 paulo
396 1044 565 1106 accuratius
597 1059 818 1123 persequemur.
862 1045 946 1119 Quae
969 1051 1067 1108 aulem
1087 1063 1180 1126 prac-

131 1155 216 1210 terea
242 1146 285 1207 de
304 1145 386 1208 scoti
409 1143 498 1221 libro,
522 1144 571 1224 qui
594 1161 673 1204 nunc
696 1145 725 1204 in
746 1145 857 1206 nostris
874 1152 922 1207 est
943 1146 1090 1226 manibus,
1112 1167 1179 1210 me·

131 1251 253 1310 moratu
273 1243 363 1324 digna
384 1243 551 1320 uideantur,
575 1261 613 1305 ea
634 1242 778 1323 deinceps
800 1243 1024 1325 explicabimus.
1121 1305 1123 1310 .

214 1346 262 1407 De
283 1343 484 1408 Gelbescalco
507 1342 579 1405 nihil
602 1343 761 1420 dubitatur,
785 1346 855 1426 quin
878 1345 1075 1424 ,diabolicum
1099 1347 1178 1410 istud

131 1447 264 1527 dogma“
288 1445 376 1506 luerit
409 1443 601 1524 amplexatus.
643 1443 783 1525 Legimus
814 1447 892 1506 enim
904 1449 945 1522 1Ι)
972 1463 1029 1522 „ex
1062 1446 1179 1510 (lollie-

131 1541 388 1610 scalcisententia
412 1544 486 1608 duas
506 1561 576 1606 esse
598 1545 627 1606 in
652 1544 711 1608 deo
731 1545 1032 1626 praedestinationes,
1054 1549 1177 1612 alteram

130 1648 292 1722 bonoram,
322 1643 466 1708 malorum
488 1643 627 1706 alteram:
660 1644 738 1707 illius
759 1651 867 1707 coactu
887 1645 960 1724 beri,
988 1655 1020 1710 ut
1041 1664 1099 1710 una
1120 1649 1179 1710 bo.

130 1749 243 1810 minum
275 1763 345 1827 pars
380 1751 465 1808 recle
498 1745 578 1807 uiuat
606 1751 695 1825 atqua
726 1745 764 1807 nd
787 1753 940 1808 aeternam
964 1747 1177 1812 beatitudinem

129 1847 305 1929 perveniat,
337 1846 424 1908 huius
453 1845 635 1910 necessitate
666 1846 846 1910 ineluctabili
867 1847 992 1919 alteram
1011 1852 1176 1913 mortalium

129 1956 246 2030 partem
280 1956 311 2010 et
343 1946 479 2026 improbe
510 1947 614 2010 viuere
636 1954 667 2009 et
687 1948 716 2008 in
740 1954 894 2010 aeternam
916 1951 1072 2013 incurrere
1095 1951 1178 2014 cala·

129 2052 292 2114 mitatem.“
314 2085 354 2100 -
374 2049 492 2110 Summa
515 2047 594 2110 adeo
616 2066 681 2110 oum
703 2047 910 2129 indignatione
931 2049 1125 2112 acerbissima
1147 2050 1177 2112 in

131 2151 363 2217 (iotbescalcum
387 2149 523 2212 convicia
545 2149 781 2230 ingerunturli).
804 2185 844 2200 --
874 2149 1056 2229 Quamquam
1079 2155 1177 2211 autem

128 2255 221 2318 Scuto
246 2251 277 2313 id
297 2250 424 2312 maxime
445 2250 638 2330 spectandum
663 2251 728 2325 luit,
751 2255 783 2312 ut
805 2249 953 2312 inlelioem
977 2249 1054 2312 illum
1077 2249 1179 2312 homi-

128 2373 197 2418 nem
220 2352 294 2415 tanti
316 2351 428 2414 erroris
450 2356 631 2431 coargueret
651 2353 762 2431 polius,
784 2369 870 2434 quam
886 2359 1055 2430 accusaret,
1076 2357 1176 2414 lamen

128 2473 167 2518 ue
189 2452 374 2515 levissimum
398 2449 516 2531 quidem
541 2457 756 2532 argumentum,
789 2469 848 2534 quo
869 2453 928 2516 bac
949 2455 978 2515 in
1000 2471 1035 2516 re
1057 2457 1175 2535 patroni

129 2555 265 2637 partibus
285 2550 483 2627 satisfaceret,
504 2551 641 2630 prolerre
663 2551 785 2616 studuit.
815 2553 922 2618 Teucri
945 2553 1174 2618 Gelbescaleum

128 2652 424 2736 praedestinatianae
445 2650 582 2713 haeresis
605 2650 690 2732 culpa
712 2671 857 2735 nusquam
882 2655 1078 2735 demonstrat,
1099 2673 1175 2719 ιιιιε-

129 2771 218 2836 quam
239 2769 302 2814 uon
326 2756 437 2831 crepat.
458 2787 499 2800 -

211 2853 277 2917 Nec
300 2852 397 2914 minus
427 2853 457 2913 in
493 2851 588 2914 altero
621 2851 692 2932 illo,
730 2851 810 2933 quod
839 2855 932 2919 Scato
959 2856 1172 2938 perficiendum

126 2953 222 3018 luisse
253 2952 442 3026 monuimus,
477 2969 598 3015 suorum
627 2955 811 3034 exspectatio
844 2962 892 3020 est
922 2956 1056 3040 decepta.
1097 2959 1170 3022 Nam

126 3055 184 3115 etsi
218 3051 381 3114 fortissime
407 3050 552 3114 aduersos
574 3053 760 3134 geminarum
782 3056 1084 3134 praedestinationum
1106 3065 1172 3121 ter-

125 3153 221 3216 ricola
244 3150 409 3231 proeliatus
431 3159 488 3224 est,
515 3159 612 3213 tamen
635 3153 705 3215 illud
731 3161 852 3232 tentum,
882 3156 963 3235 qnod
984 3175 1042 3219 nec
1063 3175 1171 3222 curare

127 3253 242 3327 debuit,
266 3252 344 3312 iuste
361 3251 559 3333 impugnavit,
589 3252 658 3314 illud
683 3261 797 3332 autem,
822 3257 901 3336 quod
922 3259 1042 3338 proprie
1061 3265 1171 3338 peteo-

126 3350 196 3413 dum
219 3351 290 3426 luit,
321 3351 372 3414 vix
394 3353 508 3414 curarit
528 3369 564 3412 ao
586 3353 723 3432 plorabeo
747 3354 865 3435 solum,
892 3363 925 3420 ut
945 3358 1046 3436 aiunt,
1067 3359 1171 3441 gladio

125 3451 244 3513 inuasit.
288 3451 469 3522 lustoenim
491 3451 674 3534 impugnavit
696 3453 777 3533 illud,
804 3457 883 3536 qnod
905 3455 1081 3522 llincmarus
1102 3479 1169 3523 cum

125 3551 188 3612 suis
221 3551 253 3612 in
288 3549 487 3613 Gotbescalco
520 3551 730 3631 damnaverat3
768 3558 888 3636 proprie
922 3560 1079 3639 petendum
1115 3559 1170 3623 luit

127 3649 215 3728 illud,
244 3649 324 3732 quod
355 3651 584 3714 llincmarianae
602 3655 693 3736 partis
716 3655 881 3720 adversarii
905 3659 935 3720 in
958 3657 1169 3738 Gotbcscalco,

134 3801 442 3818 m

162 3881 208 3945 15)
227 3882 261 3934 cl'.
280 3897 337 3951 cap.
359 3885 380 3945 l,
405 3882 428 3956 ς.
448 3885 483 3950 ίΙ;
510 3901 570 3955 cap.
588 3885 636 3947 ΙΙΙ,
656 3885 680 3956 ς.
703 3887 716 3937 l
736 3903 794 3958 aeq.
816 3897 845 3942 et
862 3892 969 3960 passim.

162 3967 206 4037 to)
226 3968 260 4020 cl.
278 3985 412 4038 prooem,
437 3987 496 4040 cap.
514 3973 540 4034 l,
570 3969 594 4042 ς.
613 3969 691 4038 2,lt;
717 3989 775 4043 cap.
797 3975 835 4039 ll,
854 3975 876 4046 §.
897 3975 928 4042 t,
959 3991 1017 4045 cup.
1036 3975 1081 4037 ΙΙΙ,
1099 3974 1121 4047 ς.
1139 3972 1166 4037 ll,

224 4057 245 4128 ς.
261 4056 293 4121 53
312 4073 370 4129 cap.
390 4057 434 4123 xl,
452 4058 474 4130 §.
493 4059 523 4127 ²3
542 4059 607 4129 epil.
630 4059 652 4130 §.
674 4059 699 4111 3.
