<?xml version="1.0" encoding="UTF-8"?>
<!DOCTYPE html PUBLIC "-//W3C//DTD XHTML 1.0 Transitional//EN"
    "http://www.w3.org/TR/xhtml1/DTD/xhtml1-transitional.dtd">
<html xmlns="http://www.w3.org/1999/xhtml" xml:lang="en" lang="en">
 <head>
  <title>
</title>
<meta http-equiv="Content-Type" content="text/html;charset=utf-8" />
  <meta name='ocr-system' content='tesseract 3.04.00' />
  <meta name='ocr-capabilities' content='ocr_page ocr_carea ocr_par ocr_line ocrx_word'/>
</head>
<body>
  <div class='ocr_page' id='page_1' title='image "./deioannescotoer00unkngoog_0078.png"; bbox 0 0 2938 4716; ppageno 0'>
   <div class='ocr_carea' id='block_1_1' title="bbox 1127 341 1164 404">
    <p class='ocr_par' dir='ltr' id='par_1_1' title="bbox 1127 341 1164 404">
     <span class='ocr_line' id='line_1_1' title="bbox 1127 341 1164 404; baseline -0.027 0"><span class='ocrx_word' id='word_1_1' title='bbox 1127 341 1164 404; x_wconf 82' lang='lat' dir='ltr'><strong>&#39;t&#39;l</strong></span> 
     </span>
    </p>
   </div>
   <div class='ocr_carea' id='block_1_2' title="bbox 129 519 1172 1404">
    <p class='ocr_par' dir='ltr' id='par_1_2' title="bbox 129 519 1172 1404">
     <span class='ocr_line' id='line_1_2' title="bbox 135 519 1171 602; baseline 0.002 -18"><span class='ocrx_word' id='word_1_2' title='bbox 135 522 282 586; x_wconf 78' lang='lat' dir='ltr'><strong>itiusmodi</strong></span> <span class='ocrx_word' id='word_1_3' title='bbox 302 539 424 586; x_wconf 84' lang='lat' dir='ltr'><strong>errores</strong></span> <span class='ocrx_word' id='word_1_4' title='bbox 446 521 502 584; x_wconf 93' lang='lat' dir='ltr'><strong>illis</strong></span> <span class='ocrx_word' id='word_1_5' title='bbox 523 519 736 602; x_wconf 69' lang='lat' dir='ltr'><strong>scriptoribus,</strong></span> <span class='ocrx_word' id='word_1_6' title='bbox 772 538 812 584; x_wconf 85' lang='lat' dir='ltr'><strong>cx</strong></span> <span class='ocrx_word' id='word_1_7' title='bbox 831 537 954 602; x_wconf 83' lang='lat' dir='ltr'><strong>quorum</strong></span> <span class='ocrx_word' id='word_1_8' title='bbox 976 537 1099 586; x_wconf 83' lang='lat' dir='ltr'><strong>numero</strong></span> <span class='ocrx_word' id='word_1_9' title='bbox 1123 530 1171 588; x_wconf 88' lang='lat' dir='ltr'><strong>est</strong></span> 
     </span>
     <span class='ocr_line' id='line_1_3' title="bbox 133 621 1169 704; baseline 0 -18"><span class='ocrx_word' id='word_1_10' title='bbox 133 623 310 699; x_wconf 83' lang='lat' dir='ltr'><strong>Guilielnrus‚</strong></span> <span class='ocrx_word' id='word_1_11' title='bbox 327 623 505 704; x_wconf 81' lang='lat' dir='ltr'><strong>saepissime</strong></span> <span class='ocrx_word' id='word_1_12' title='bbox 528 621 615 684; x_wconf 83' lang='lat' dir='ltr'><strong>ollitsi</strong></span> <span class='ocrx_word' id='word_1_13' title='bbox 639 626 717 682; x_wconf 85' lang='lat' dir='ltr'><strong>sunt</strong></span> <span class='ocrx_word' id='word_1_14' title='bbox 765 621 863 702; x_wconf 80' lang='lat' dir='ltr'><strong>Atque</strong></span> <span class='ocrx_word' id='word_1_15' title='bbox 894 621 1058 684; x_wconf 73' lang='lat' dir='ltr'><strong>faciliorem</strong></span> <span class='ocrx_word' id='word_1_16' title='bbox 1079 624 1169 688; x_wconf 87' lang='lat' dir='ltr'><strong>etiarn</strong></span> 
     </span>
     <span class='ocr_line' id='line_1_4' title="bbox 132 721 1172 804; baseline 0.001 -20"><span class='ocrx_word' id='word_1_17' title='bbox 132 721 205 786; x_wconf 85' lang='lat' dir='ltr'><strong>haec</strong></span> <span class='ocrx_word' id='word_1_18' title='bbox 240 729 302 786; x_wconf 93' lang='lat' dir='ltr'><strong>lota</strong></span> <span class='ocrx_word' id='word_1_19' title='bbox 338 741 389 786; x_wconf 87' lang='lat' dir='ltr'><strong>res</strong></span> <span class='ocrx_word' id='word_1_20' title='bbox 422 721 599 802; x_wconf 77' lang='lat' dir='ltr'><strong>explicatum</strong></span> <span class='ocrx_word' id='word_1_21' title='bbox 631 721 738 801; x_wconf 82' lang='lat' dir='ltr'><strong>habet,</strong></span> <span class='ocrx_word' id='word_1_22' title='bbox 779 723 805 784; x_wconf 89' lang='lat' dir='ltr'><strong>si</strong></span> <span class='ocrx_word' id='word_1_23' title='bbox 836 721 979 784; x_wconf 91' lang='lat' dir='ltr'><strong>loannem</strong></span> <span class='ocrx_word' id='word_1_24' title='bbox 1007 722 1105 804; x_wconf 86' lang='lat' dir='ltr'><strong>illum,</strong></span> <span class='ocrx_word' id='word_1_25' title='bbox 1139 730 1172 786; x_wconf 93' lang='lat' dir='ltr'><strong>ut</strong></span> 
     </span>
     <span class='ocr_line' id='line_1_5' title="bbox 131 821 1169 901; baseline -0.002 -15"><span class='ocrx_word' id='word_1_26' title='bbox 131 831 277 900; x_wconf 87' lang='lat' dir='ltr'><strong>nostrum,</strong></span> <span class='ocrx_word' id='word_1_27' title='bbox 305 823 462 887; x_wconf 88' lang='lat' dir='ltr'><strong>Scotorum</strong></span> <span class='ocrx_word' id='word_1_28' title='bbox 482 823 581 901; x_wconf 76' lang='lat' dir='ltr'><strong>gentis</strong></span> <span class='ocrx_word' id='word_1_29' title='bbox 601 821 694 884; x_wconf 81' lang='lat' dir='ltr'><strong>fuisse</strong></span> <span class='ocrx_word' id='word_1_30' title='bbox 713 821 884 884; x_wconf 82' lang='lat' dir='ltr'><strong>fecerimus.</strong></span> <span class='ocrx_word' id='word_1_31' title='bbox 925 822 1042 886; x_wconf 84' lang='lat' dir='ltr'><strong>Scimus</strong></span> <span class='ocrx_word' id='word_1_32' title='bbox 1059 829 1169 900; x_wconf 83' lang='lat' dir='ltr'><strong>autom,</strong></span> 
     </span>
     <span class='ocr_line' id='line_1_6' title="bbox 129 921 1169 1002; baseline 0 -16"><span class='ocrx_word' id='word_1_33' title='bbox 129 926 282 986; x_wconf 78' lang='lat' dir='ltr'><strong>maximam</strong></span> <span class='ocrx_word' id='word_1_34' title='bbox 305 941 341 986; x_wconf 86' lang='lat' dir='ltr'><strong>ca</strong></span> <span class='ocrx_word' id='word_1_35' title='bbox 365 928 462 984; x_wconf 88' lang='lat' dir='ltr'><strong>aetate</strong></span> <span class='ocrx_word' id='word_1_36' title='bbox 483 921 639 984; x_wconf 85' lang='lat' dir='ltr'><strong>doctorum</strong></span> <span class='ocrx_word' id='word_1_37' title='bbox 670 922 820 986; x_wconf 87' lang='lat' dir='ltr'><strong>homiuum</strong></span> <span class='ocrx_word' id='word_1_38' title='bbox 855 921 1082 998; x_wconf 80' lang='lat' dir='ltr'><strong>multitudinem,</strong></span> <span class='ocrx_word' id='word_1_39' title='bbox 1118 922 1169 1002; x_wconf 86' lang='lat' dir='ltr'><strong>qui</strong></span> 
     </span>
     <span class='ocr_line' id='line_1_7' title="bbox 129 1021 1169 1105; baseline -0.002 -19"><span class='ocrx_word' id='word_1_40' title='bbox 129 1025 283 1086; x_wconf 86' lang='lat' dir='ltr'><strong>Scotomro</strong></span> <span class='ocrx_word' id='word_1_41' title='bbox 304 1025 542 1105; x_wconf 65' lang='lat' dir='ltr'><strong>genuensem,</strong></span> <span class='ocrx_word' id='word_1_42' title='bbox 575 1022 734 1103; x_wconf 79' lang='lat' dir='ltr'><strong>praecipue</strong></span> <span class='ocrx_word' id='word_1_43' title='bbox 768 1040 807 1084; x_wconf 86' lang='lat' dir='ltr'><strong>en</strong></span> <span class='ocrx_word' id='word_1_44' title='bbox 835 1022 975 1084; x_wconf 87' lang='lat' dir='ltr'><strong>Hibernia</strong></span> <span class='ocrx_word' id='word_1_45' title='bbox 1004 1021 1169 1101; x_wconf 84' lang='lat' dir='ltr'><strong>proiectos,</strong></span> 
     </span>
     <span class='ocr_line' id='line_1_8' title="bbox 130 1121 1172 1205; baseline 0 -19"><span class='ocrx_word' id='word_1_46' title='bbox 130 1124 158 1186; x_wconf 91' lang='lat' dir='ltr'><strong>iu</strong></span> <span class='ocrx_word' id='word_1_47' title='bbox 181 1124 300 1205; x_wconf 83' lang='lat' dir='ltr'><strong>Anglie,</strong></span> <span class='ocrx_word' id='word_1_48' title='bbox 324 1124 416 1186; x_wconf 86' lang='lat' dir='ltr'><strong>Gallia</strong></span> <span class='ocrx_word' id='word_1_49' title='bbox 439 1125 618 1199; x_wconf 64' lang='lat' dir='ltr'><strong>vixissott).</strong></span> <span class='ocrx_word' id='word_1_50' title='bbox 643 1157 681 1169; x_wconf 92' lang='lat'><em>-</em></span> <span class='ocrx_word' id='word_1_51' title='bbox 706 1122 769 1184; x_wconf 87' lang='lat' dir='ltr'><strong>ttoc</strong></span> <span class='ocrx_word' id='word_1_52' title='bbox 798 1122 934 1197; x_wconf 83' lang='lat' dir='ltr'><strong>accedit,</strong></span> <span class='ocrx_word' id='word_1_53' title='bbox 965 1121 1045 1202; x_wconf 89' lang='lat' dir='ltr'><strong>quod</strong></span> <span class='ocrx_word' id='word_1_54' title='bbox 1077 1123 1172 1186; x_wconf 88' lang='lat' dir='ltr'><strong>maios</strong></span> 
     </span>
     <span class='ocr_line' id='line_1_9' title="bbox 131 1223 1171 1302; baseline 0 -18"><span class='ocrx_word' id='word_1_55' title='bbox 131 1226 216 1284; x_wconf 85' lang='lat' dir='ltr'><strong>etiarn</strong></span> <span class='ocrx_word' id='word_1_56' title='bbox 241 1231 303 1302; x_wconf 88' lang='lat' dir='ltr'><strong>est,</strong></span> <span class='ocrx_word' id='word_1_57' title='bbox 334 1231 367 1286; x_wconf 89' lang='lat' dir='ltr'><strong>ut</strong></span> <span class='ocrx_word' id='word_1_58' title='bbox 388 1224 512 1284; x_wconf 88' lang='lat' dir='ltr'><strong>annales</strong></span> <span class='ocrx_word' id='word_1_59' title='bbox 534 1223 682 1284; x_wconf 81' lang='lat' dir='ltr'><strong>llitlenscs</strong></span> <span class='ocrx_word' id='word_1_60' title='bbox 705 1223 824 1286; x_wconf 86' lang='lat' dir='ltr'><strong>disertis</strong></span> <span class='ocrx_word' id='word_1_61' title='bbox 845 1223 945 1284; x_wconf 82' lang='lat' dir='ltr'><strong>verbis</strong></span> <span class='ocrx_word' id='word_1_62' title='bbox 966 1228 1110 1286; x_wconf 88' lang='lat' dir='ltr'><strong>testentur</strong></span> <span class='ocrx_word' id='word_1_63' title='bbox 1119 1223 1171 1300; x_wconf 79' lang='lat'><strong>³⁶),</strong></span> 
     </span>
     <span class='ocr_line' id='line_1_10' title="bbox 132 1321 1169 1404; baseline 0 -20"><span class='ocrx_word' id='word_1_64' title='bbox 132 1323 221 1388; x_wconf 82' lang='lat' dir='ltr'><strong>luisse</strong></span> <span class='ocrx_word' id='word_1_65' title='bbox 244 1326 321 1385; x_wconf 88' lang='lat' dir='ltr'><strong>inter</strong></span> <span class='ocrx_word' id='word_1_66' title='bbox 342 1340 415 1398; x_wconf 86' lang='lat' dir='ltr'><strong>cos,</strong></span> <span class='ocrx_word' id='word_1_67' title='bbox 449 1324 499 1403; x_wconf 89' lang='lat' dir='ltr'><strong>qui</strong></span> <span class='ocrx_word' id='word_1_68' title='bbox 528 1323 583 1387; x_wconf 90' lang='lat' dir='ltr'><strong>sub</strong></span> <span class='ocrx_word' id='word_1_69' title='bbox 615 1321 740 1384; x_wconf 79' lang='lat' dir='ltr'><strong>All&#39;redo</strong></span> <span class='ocrx_word' id='word_1_70' title='bbox 759 1339 834 1404; x_wconf 84' lang='lat' dir='ltr'><strong>rege</strong></span> <span class='ocrx_word' id='word_1_71' title='bbox 855 1321 965 1384; x_wconf 86' lang='lat' dir='ltr'><strong>Oxouii</strong></span> <span class='ocrx_word' id='word_1_72' title='bbox 988 1321 1169 1384; x_wconf 88' lang='lat' dir='ltr'><strong>iuventutem</strong></span> 
     </span>
    </p>
   </div>
   <div class='ocr_carea' id='block_1_3' title="bbox 129 1420 1294 1503">
    <p class='ocr_par' dir='ltr' id='par_1_3' title="bbox 129 1420 1294 1503">
     <span class='ocr_line' id='line_1_11' title="bbox 129 1420 1294 1503; baseline 0.001 -20"><span class='ocrx_word' id='word_1_73' title='bbox 129 1424 323 1486; x_wconf 88' lang='lat' dir='ltr'><strong>instituissent</strong></span> <span class='ocrx_word' id='word_1_74' title='bbox 343 1423 373 1484; x_wconf 92' lang='lat' dir='ltr'><strong>in</strong></span> <span class='ocrx_word' id='word_1_75' title='bbox 396 1424 508 1484; x_wconf 85' lang='lat' dir='ltr'><strong>ortibus</strong></span> <span class='ocrx_word' id='word_1_76' title='bbox 531 1424 659 1503; x_wconf 89' lang='lat' dir='ltr'><strong>optimis,</strong></span> <span class='ocrx_word' id='word_1_77' title='bbox 681 1428 801 1502; x_wconf 87' lang='lat' dir='ltr'><strong>practer</strong></span> <span class='ocrx_word' id='word_1_78' title='bbox 822 1420 900 1484; x_wconf 87' lang='lat' dir='ltr'><strong>illum</strong></span> <span class='ocrx_word' id='word_1_79' title='bbox 921 1422 1061 1485; x_wconf 86' lang='lat' dir='ltr'><strong>loannem</strong></span> <span class='ocrx_word' id='word_1_80' title='bbox 1077 1420 1175 1497; x_wconf 69' lang='lat' dir='ltr'><strong>Ealtl-,</strong></span> <span class='ocrx_word' id='word_1_81' title='bbox 1289 1468 1294 1476; x_wconf 91' lang='lat'>.</span> 
     </span>
    </p>
   </div>
   <div class='ocr_carea' id='block_1_4' title="bbox 126 1522 1171 2609">
    <p class='ocr_par' dir='ltr' id='par_1_4' title="bbox 126 1522 1171 2609">
     <span class='ocr_line' id='line_1_12' title="bbox 130 1522 1169 1604; baseline -0.002 -20"><span class='ocrx_word' id='word_1_82' title='bbox 130 1526 336 1604; x_wconf 81' lang='lat' dir='ltr'><strong>saxonem³⁷)‚</strong></span> <span class='ocrx_word' id='word_1_83' title='bbox 371 1524 409 1584; x_wconf 85' lang='lat' dir='ltr'><strong>tle</strong></span> <span class='ocrx_word' id='word_1_84' title='bbox 439 1541 499 1604; x_wconf 86' lang='lat' dir='ltr'><strong>quo</strong></span> <span class='ocrx_word' id='word_1_85' title='bbox 530 1541 619 1602; x_wconf 88' lang='lat' dir='ltr'><strong>supra</strong></span> <span class='ocrx_word' id='word_1_86' title='bbox 650 1523 703 1585; x_wconf 83' lang='lat' dir='ltr'><strong>tuit</strong></span> <span class='ocrx_word' id='word_1_87' title='bbox 735 1523 867 1596; x_wconf 89' lang='lat' dir='ltr'><strong>mentio,</strong></span> <span class='ocrx_word' id='word_1_88' title='bbox 898 1523 987 1584; x_wconf 88' lang='lat' dir='ltr'><strong>etium</strong></span> <span class='ocrx_word' id='word_1_89' title='bbox 1016 1522 1169 1601; x_wconf 89' lang='lat' dir='ltr'><strong>loannem,</strong></span> 
     </span>
     <span class='ocr_line' id='line_1_13' title="bbox 130 1621 1171 1704; baseline 0.001 -20"><span class='ocrx_word' id='word_1_90' title='bbox 130 1623 277 1686; x_wconf 88' lang='lat' dir='ltr'><strong>ccclesiae</strong></span> <span class='ocrx_word' id='word_1_91' title='bbox 296 1621 486 1686; x_wconf 69' lang='lat' dir='ltr'><strong>menevensis</strong></span> <span class='ocrx_word' id='word_1_92' title='bbox 516 1623 704 1686; x_wconf 88' lang='lat' dir='ltr'><strong>monachum.</strong></span> <span class='ocrx_word' id='word_1_93' title='bbox 747 1624 882 1686; x_wconf 78' lang='lat' dir='ltr'><strong>Potuitne</strong></span> <span class='ocrx_word' id='word_1_94' title='bbox 911 1640 987 1704; x_wconf 83' lang='lat' dir='ltr'><strong>ergo</strong></span> <span class='ocrx_word' id='word_1_95' title='bbox 1019 1625 1102 1702; x_wconf 83' lang='lat' dir='ltr'><strong>steri,</strong></span> <span class='ocrx_word' id='word_1_96' title='bbox 1139 1630 1171 1686; x_wconf 90' lang='lat' dir='ltr'><strong>ut</strong></span> 
     </span>
     <span class='ocr_line' id='line_1_14' title="bbox 129 1723 1170 1804; baseline 0.001 -19"><span class='ocrx_word' id='word_1_97' title='bbox 129 1723 268 1786; x_wconf 83' lang='lat' dir='ltr'><strong>Allrcdus</strong></span> <span class='ocrx_word' id='word_1_98' title='bbox 304 1723 384 1786; x_wconf 89' lang='lat' dir='ltr'><strong>hunc</strong></span> <span class='ocrx_word' id='word_1_99' title='bbox 416 1725 534 1804; x_wconf 88' lang='lat' dir='ltr'><strong>ipsum,</strong></span> <span class='ocrx_word' id='word_1_100' title='bbox 575 1723 753 1804; x_wconf 81' lang='lat' dir='ltr'><strong>aliquamdiu</strong></span> <span class='ocrx_word' id='word_1_101' title='bbox 792 1739 914 1786; x_wconf 84' lang='lat' dir='ltr'><strong>uronere</strong></span> <span class='ocrx_word' id='word_1_102' title='bbox 947 1723 997 1786; x_wconf 91' lang='lat' dir='ltr'><strong>illo</strong></span> <span class='ocrx_word' id='word_1_103' title='bbox 1028 1723 1170 1803; x_wconf 78' lang='lat' dir='ltr'><strong>lunatum,</strong></span> 
     </span>
     <span class='ocr_line' id='line_1_15' title="bbox 129 1823 1170 1904; baseline 0.001 -18"><span class='ocrx_word' id='word_1_104' title='bbox 129 1823 374 1904; x_wconf 83' lang='lat' dir='ltr'><strong>quemadmodum</strong></span> <span class='ocrx_word' id='word_1_105' title='bbox 410 1823 552 1886; x_wconf 85' lang='lat' dir='ltr'><strong>loannem</strong></span> <span class='ocrx_word' id='word_1_106' title='bbox 573 1824 793 1886; x_wconf 82' lang='lat' dir='ltr'><strong>Ealdsexoncm</strong></span> <span class='ocrx_word' id='word_1_107' title='bbox 815 1823 1089 1904; x_wconf 82' lang='lat' dir='ltr'><strong>Aethalingicnsem</strong></span> <span class='ocrx_word' id='word_1_108' title='bbox 1111 1824 1170 1887; x_wconf 89' lang='lat' dir='ltr'><strong>ab·</strong></span> 
     </span>
     <span class='ocr_line' id='line_1_16' title="bbox 128 1923 1170 2001; baseline 0.002 -17"><span class='ocrx_word' id='word_1_109' title='bbox 128 1923 223 1986; x_wconf 84' lang='lat' dir='ltr'><strong>batem</strong></span> <span class='ocrx_word' id='word_1_110' title='bbox 254 1926 423 2001; x_wconf 90' lang='lat' dir='ltr'><strong>constituit,</strong></span> <span class='ocrx_word' id='word_1_111' title='bbox 457 1925 497 1986; x_wconf 86' lang='lat' dir='ltr'><strong>lta</strong></span> <span class='ocrx_word' id='word_1_112' title='bbox 527 1926 558 1986; x_wconf 90' lang='lat' dir='ltr'><strong>in</strong></span> <span class='ocrx_word' id='word_1_113' title='bbox 585 1923 849 1987; x_wconf 86' lang='lat' dir='ltr'><strong>llalmesburionse</strong></span> <span class='ocrx_word' id='word_1_114' title='bbox 870 1925 1048 1986; x_wconf 85' lang='lat' dir='ltr'><strong>coenobium</strong></span> <span class='ocrx_word' id='word_1_115' title='bbox 1069 1926 1170 1986; x_wconf 85' lang='lat' dir='ltr'><strong>mitte-</strong></span> 
     </span>
     <span class='ocr_line' id='line_1_17' title="bbox 128 2023 1170 2104; baseline 0 -18"><span class='ocrx_word' id='word_1_116' title='bbox 128 2025 196 2086; x_wconf 85' lang='lat' dir='ltr'><strong>ret?</strong></span> <span class='ocrx_word' id='word_1_117' title='bbox 214 2062 255 2072; x_wconf 92' lang='lat'><em>-</em></span> <span class='ocrx_word' id='word_1_118' title='bbox 278 2024 413 2086; x_wconf 91' lang='lat' dir='ltr'><strong>Potuitne</strong></span> <span class='ocrx_word' id='word_1_119' title='bbox 434 2025 509 2103; x_wconf 79' lang='lat' dir='ltr'><strong>steri,</strong></span> <span class='ocrx_word' id='word_1_120' title='bbox 534 2032 566 2086; x_wconf 94' lang='lat' dir='ltr'><strong>ut</strong></span> <span class='ocrx_word' id='word_1_121' title='bbox 589 2024 637 2087; x_wconf 90' lang='lat' dir='ltr'><strong>hic</strong></span> <span class='ocrx_word' id='word_1_122' title='bbox 660 2025 736 2104; x_wconf 87' lang='lat' dir='ltr'><strong>ipse,</strong></span> <span class='ocrx_word' id='word_1_123' title='bbox 757 2041 844 2104; x_wconf 88' lang='lat' dir='ltr'><strong>quum</strong></span> <span class='ocrx_word' id='word_1_124' title='bbox 866 2023 983 2088; x_wconf 88' lang='lat' dir='ltr'><strong>dicatur</strong></span> <span class='ocrx_word' id='word_1_125' title='bbox 1004 2023 1170 2086; x_wconf 87' lang='lat' dir='ltr'><strong>monaclrus</strong></span> 
     </span>
     <span class='ocr_line' id='line_1_18' title="bbox 126 2122 1171 2204; baseline 0.002 -20"><span class='ocrx_word' id='word_1_126' title='bbox 126 2123 275 2186; x_wconf 85' lang='lat' dir='ltr'><strong>ecelesiae</strong></span> <span class='ocrx_word' id='word_1_127' title='bbox 295 2124 497 2202; x_wconf 87' lang='lat' dir='ltr'><strong>lllenevensis,</strong></span> <span class='ocrx_word' id='word_1_128' title='bbox 522 2127 612 2188; x_wconf 86' lang='lat' dir='ltr'><strong>ctiam</strong></span> <span class='ocrx_word' id='word_1_129' title='bbox 632 2127 740 2188; x_wconf 89' lang='lat' dir='ltr'><strong>Scotus</strong></span> <span class='ocrx_word' id='word_1_130' title='bbox 759 2123 806 2186; x_wconf 90' lang='lat' dir='ltr'><strong>vel</strong></span> <span class='ocrx_word' id='word_1_131' title='bbox 827 2130 924 2202; x_wconf 86' lang='lat' dir='ltr'><strong>esset,</strong></span> <span class='ocrx_word' id='word_1_132' title='bbox 957 2123 1005 2186; x_wconf 87' lang='lat' dir='ltr'><strong>vel</strong></span> <span class='ocrx_word' id='word_1_133' title='bbox 1035 2122 1171 2204; x_wconf 86' lang='lat' dir='ltr'><strong>appella-</strong></span> 
     </span>
     <span class='ocr_line' id='line_1_19' title="bbox 126 2224 1165 2305; baseline 0.002 -19"><span class='ocrx_word' id='word_1_134' title='bbox 126 2225 230 2286; x_wconf 86' lang='lat' dir='ltr'><strong>rctur‘t</strong></span> <span class='ocrx_word' id='word_1_135' title='bbox 252 2261 288 2274; x_wconf 93' lang='lat'><em>-</em></span> <span class='ocrx_word' id='word_1_136' title='bbox 315 2225 404 2288; x_wconf 85' lang='lat' dir='ltr'><strong>Certe</strong></span> <span class='ocrx_word' id='word_1_137' title='bbox 426 2227 503 2295; x_wconf 86' lang='lat' dir='ltr'><strong>enim</strong></span> <span class='ocrx_word' id='word_1_138' title='bbox 525 2225 720 2303; x_wconf 87' lang='lat' dir='ltr'><strong>meminimus,</strong></span> <span class='ocrx_word' id='word_1_139' title='bbox 743 2224 856 2288; x_wconf 89' lang='lat' dir='ltr'><strong>docere</strong></span> <span class='ocrx_word' id='word_1_140' title='bbox 878 2241 934 2286; x_wconf 91' lang='lat' dir='ltr'><strong>nos</strong></span> <span class='ocrx_word' id='word_1_141' title='bbox 963 2241 1052 2305; x_wconf 90' lang='lat' dir='ltr'><strong>supra</strong></span> <span class='ocrx_word' id='word_1_142' title='bbox 1082 2234 1165 2304; x_wconf 83' lang='lat' dir='ltr'><strong>(cop.</strong></span> 
     </span>
     <span class='ocr_line' id='line_1_20' title="bbox 127 2320 1169 2408; baseline 0.004 -22"><span class='ocrx_word' id='word_1_143' title='bbox 127 2323 159 2386; x_wconf 84' lang='lat' dir='ltr'><strong>ll.</strong></span> <span class='ocrx_word' id='word_1_144' title='bbox 182 2331 245 2386; x_wconf 93' lang='lat' dir='ltr'><strong>uot.</strong></span> <span class='ocrx_word' id='word_1_145' title='bbox 268 2324 316 2387; x_wconf 79' lang='lat' dir='ltr'><strong>att.</strong></span> <span class='ocrx_word' id='word_1_146' title='bbox 341 2331 371 2386; x_wconf 87' lang='lat' dir='ltr'><strong>et</strong></span> <span class='ocrx_word' id='word_1_147' title='bbox 391 2344 457 2406; x_wconf 79' lang='lat' dir='ltr'><strong>cap,</strong></span> <span class='ocrx_word' id='word_1_148' title='bbox 481 2320 720 2402; x_wconf 74' lang='lat' dir='ltr'><strong>l.)‚&#39;habitosse</strong></span> <span class='ocrx_word' id='word_1_149' title='bbox 742 2325 844 2405; x_wconf 87' lang='lat' dir='ltr'><strong>procul</strong></span> <span class='ocrx_word' id='word_1_150' title='bbox 869 2325 959 2388; x_wconf 88' lang='lat' dir='ltr'><strong>dublo</strong></span> <span class='ocrx_word' id='word_1_151' title='bbox 979 2326 1009 2386; x_wconf 91' lang='lat' dir='ltr'><strong>in</strong></span> <span class='ocrx_word' id='word_1_152' title='bbox 1032 2325 1079 2386; x_wconf 88' lang='lat' dir='ltr'><strong>illa</strong></span> <span class='ocrx_word' id='word_1_153' title='bbox 1104 2329 1169 2408; x_wconf 89' lang='lat' dir='ltr'><strong>ipsa</strong></span> 
     </span>
     <span class='ocr_line' id='line_1_21' title="bbox 127 2426 1168 2510; baseline 0.003 -21"><span class='ocrx_word' id='word_1_154' title='bbox 127 2429 253 2510; x_wconf 78' lang='lat' dir='ltr'><strong>regione</strong></span> <span class='ocrx_word' id='word_1_155' title='bbox 272 2427 444 2490; x_wconf 85' lang='lat' dir='ltr'><strong>llenevensi</strong></span> <span class='ocrx_word' id='word_1_156' title='bbox 465 2426 600 2490; x_wconf 88' lang='lat' dir='ltr'><strong>homines</strong></span> <span class='ocrx_word' id='word_1_157' title='bbox 620 2429 740 2504; x_wconf 86' lang='lat' dir='ltr'><strong>Scotos,</strong></span> <span class='ocrx_word' id='word_1_158' title='bbox 761 2435 849 2508; x_wconf 89' lang='lat' dir='ltr'><strong>atquc</strong></span> <span class='ocrx_word' id='word_1_159' title='bbox 868 2427 945 2488; x_wconf 86' lang='lat' dir='ltr'><strong>adeo</strong></span> <span class='ocrx_word' id='word_1_160' title='bbox 965 2429 1086 2492; x_wconf 88' lang='lat' dir='ltr'><strong>Scotum</strong></span> <span class='ocrx_word' id='word_1_161' title='bbox 1108 2444 1168 2492; x_wconf 90' lang='lat' dir='ltr'><strong>no-</strong></span> 
     </span>
     <span class='ocr_line' id='line_1_22' title="bbox 128 2527 1055 2609; baseline 0 -19"><span class='ocrx_word' id='word_1_162' title='bbox 128 2535 218 2592; x_wconf 89' lang='lat' dir='ltr'><strong>strum</strong></span> <span class='ocrx_word' id='word_1_163' title='bbox 240 2527 348 2592; x_wconf 81' lang='lat' dir='ltr'><strong>ibidem</strong></span> <span class='ocrx_word' id='word_1_164' title='bbox 371 2527 425 2605; x_wconf 81' lang='lat' dir='ltr'><strong>(cl.</strong></span> <span class='ocrx_word' id='word_1_165' title='bbox 447 2545 513 2609; x_wconf 81' lang='lat' dir='ltr'><strong>cap.</strong></span> <span class='ocrx_word' id='word_1_166' title='bbox 535 2528 573 2591; x_wconf 91' lang='lat' dir='ltr'><strong>ll.</strong></span> <span class='ocrx_word' id='word_1_167' title='bbox 594 2534 656 2590; x_wconf 90' lang='lat' dir='ltr'><strong>not.</strong></span> <span class='ocrx_word' id='word_1_168' title='bbox 679 2529 746 2606; x_wconf 77' lang='lat' dir='ltr'><strong>tu.)</strong></span> <span class='ocrx_word' id='word_1_169' title='bbox 768 2535 866 2590; x_wconf 91' lang='lat' dir='ltr'><strong>natum</strong></span> <span class='ocrx_word' id='word_1_170' title='bbox 887 2528 993 2591; x_wconf 86' lang='lat' dir='ltr'><strong>videri.</strong></span> <span class='ocrx_word' id='word_1_171' title='bbox 1014 2567 1055 2583; x_wconf 78' lang='lat'><strong>.-</strong></span> 
     </span>
    </p>
   </div>
   <div class='ocr_carea' id='block_1_5' title="bbox 543 2716 744 2729">
    <p class='ocr_par' dir='ltr' id='par_1_5' title="bbox 543 2716 744 2729">
     <span class='ocr_line' id='line_1_23' title="bbox 543 2716 744 2729; baseline 0.005 -1"><span class='ocrx_word' id='word_1_172' title='bbox 543 2716 744 2729; x_wconf 46' lang='lat' dir='ltr'><strong>m</strong></span> 
     </span>
    </p>
   </div>
   <div class='ocr_carea' id='block_1_6' title="bbox 545 2865 719 2948">
    <p class='ocr_par' dir='ltr' id='par_1_6' title="bbox 545 2865 719 2948">
     <span class='ocr_line' id='line_1_24' title="bbox 545 2865 719 2948; baseline 0.017 -17"><span class='ocrx_word' id='word_1_173' title='bbox 545 2867 645 2948; x_wconf 83' lang='lat' dir='ltr'><strong>Caput</strong></span> <span class='ocrx_word' id='word_1_174' title='bbox 672 2865 719 2934; x_wconf 78' lang='lat' dir='ltr'><strong>tt.</strong></span> 
     </span>
    </p>
   </div>
   <div class='ocr_carea' id='block_1_7' title="bbox 128 3019 1166 3186">
    <p class='ocr_par' dir='ltr' id='par_1_7' title="bbox 128 3019 1166 3186">
     <span class='ocr_line' id='line_1_25' title="bbox 128 3019 1166 3104; baseline 0.006 -22"><span class='ocrx_word' id='word_1_175' title='bbox 128 3019 170 3082; x_wconf 86' lang='lat' dir='ltr'><strong>llc</strong></span> <span class='ocrx_word' id='word_1_176' title='bbox 189 3020 253 3084; x_wconf 86' lang='lat' dir='ltr'><strong>illis</strong></span> <span class='ocrx_word' id='word_1_177' title='bbox 275 3019 429 3102; x_wconf 77' lang='lat' dir='ltr'><strong>Erigonae</strong></span> <span class='ocrx_word' id='word_1_178' title='bbox 450 3022 589 3103; x_wconf 87' lang='lat' dir='ltr'><strong>scriptis,</strong></span> <span class='ocrx_word' id='word_1_179' title='bbox 620 3040 697 3104; x_wconf 86' lang='lat' dir='ltr'><strong>quac</strong></span> <span class='ocrx_word' id='word_1_180' title='bbox 726 3022 824 3086; x_wconf 83' lang='lat' dir='ltr'><strong>adhuc</strong></span> <span class='ocrx_word' id='word_1_181' title='bbox 855 3041 876 3086; x_wconf 85' lang='lat' dir='ltr'><strong>a</strong></span> <span class='ocrx_word' id='word_1_182' title='bbox 905 3023 993 3088; x_wconf 85' lang='lat' dir='ltr'><strong>uobis</strong></span> <span class='ocrx_word' id='word_1_183' title='bbox 1013 3023 1166 3088; x_wconf 78' lang='lat' dir='ltr'><strong>recensita</strong></span> 
     </span>
     <span class='ocr_line' id='line_1_26' title="bbox 568 3128 726 3186; baseline 0.013 -2"><span class='ocrx_word' id='word_1_184' title='bbox 568 3141 628 3184; x_wconf 92' lang='lat' dir='ltr'><strong>uon</strong></span> <span class='ocrx_word' id='word_1_185' title='bbox 648 3128 726 3186; x_wconf 75' lang='lat' dir='ltr'><strong>sunt·</strong></span> 
     </span>
    </p>
   </div>
   <div class='ocr_carea' id='block_1_8' title="bbox 127 3297 1165 3485">
    <p class='ocr_par' dir='ltr' id='par_1_8' title="bbox 127 3271 1165 3485">
     <span class='ocr_line' id='line_1_27' title="bbox 222 3297 1165 3381; baseline 0.002 -21"><span class='ocrx_word' id='word_1_186' title='bbox 222 3298 292 3360; x_wconf 83' lang='lat' dir='ltr'><strong>Post</strong></span> <span class='ocrx_word' id='word_1_187' title='bbox 319 3297 612 3381; x_wconf 83' lang='lat' dir='ltr'><strong>Pseudo-Dionysii</strong></span> <span class='ocrx_word' id='word_1_188' title='bbox 643 3307 673 3362; x_wconf 86' lang='lat' dir='ltr'><strong>et</strong></span> <span class='ocrx_word' id='word_1_189' title='bbox 703 3319 731 3364; x_wconf 87' lang='lat' dir='ltr'><strong>s.</strong></span> <span class='ocrx_word' id='word_1_190' title='bbox 754 3302 872 3364; x_wconf 78' lang='lat' dir='ltr'><strong>ttloximi</strong></span> <span class='ocrx_word' id='word_1_191' title='bbox 894 3302 1165 3381; x_wconf 82' lang='lat' dir='ltr'><strong>interpretationes,</strong></span> 
     </span>
     <span class='ocr_line' id='line_1_28' title="bbox 127 3397 1164 3485; baseline 0.008 -27"><span class='ocrx_word' id='word_1_192' title='bbox 127 3405 192 3476; x_wconf 89' lang='lat' dir='ltr'><strong>post</strong></span> <span class='ocrx_word' id='word_1_193' title='bbox 211 3397 305 3461; x_wconf 90' lang='lat' dir='ltr'><strong>libros</strong></span> <span class='ocrx_word' id='word_1_194' title='bbox 327 3399 364 3462; x_wconf 87' lang='lat' dir='ltr'><strong>dc</strong></span> <span class='ocrx_word' id='word_1_195' title='bbox 385 3400 660 3482; x_wconf 85' lang='lat' dir='ltr'><strong>praedestinatione</strong></span> <span class='ocrx_word' id='word_1_196' title='bbox 679 3410 709 3466; x_wconf 90' lang='lat' dir='ltr'><strong>ct</strong></span> <span class='ocrx_word' id='word_1_197' title='bbox 725 3403 762 3466; x_wconf 82' lang='lat' dir='ltr'><strong>tlc</strong></span> <span class='ocrx_word' id='word_1_198' title='bbox 778 3421 803 3466; x_wconf 88' lang='lat' dir='ltr'><strong>s.</strong></span> <span class='ocrx_word' id='word_1_199' title='bbox 819 3403 1018 3482; x_wconf 86' lang='lat' dir='ltr'><strong>Euclroristie,</strong></span> <span class='ocrx_word' id='word_1_200' title='bbox 1040 3421 1164 3485; x_wconf 86' lang='lat' dir='ltr'><strong>quorum</strong></span> 
     </span>
    </p>
   </div>
   <div class='ocr_carea' id='block_1_9' title="bbox 156 3665 594 3842">
    <p class='ocr_par' dir='ltr' id='par_1_9' title="bbox 156 3665 594 3842">
     <span class='ocr_line' id='line_1_29' title="bbox 156 3665 527 3738; baseline 0.013 -23"><span class='ocrx_word' id='word_1_201' title='bbox 156 3665 203 3734; x_wconf 76' lang='lat'><strong>35)</strong></span> <span class='ocrx_word' id='word_1_202' title='bbox 225 3667 259 3716; x_wconf 84' lang='lat' dir='ltr'><strong>cl.</strong></span> <span class='ocrx_word' id='word_1_203' title='bbox 279 3685 338 3737; x_wconf 84' lang='lat' dir='ltr'><strong>sup.</strong></span> <span class='ocrx_word' id='word_1_204' title='bbox 358 3685 416 3738; x_wconf 78' lang='lat' dir='ltr'><strong>cap.</strong></span> <span class='ocrx_word' id='word_1_205' title='bbox 434 3666 527 3722; x_wconf 83' lang='lat'>1-111.</span> 
     </span>
     <span class='ocr_line' id='line_1_30' title="bbox 157 3767 594 3842; baseline 0.014 -22"><span class='ocrx_word' id='word_1_206' title='bbox 157 3767 204 3836; x_wconf 82' lang='grc'><strong>36)</strong></span> <span class='ocrx_word' id='word_1_207' title='bbox 225 3768 258 3822; x_wconf 87' lang='lat' dir='ltr'><strong>cl.</strong></span> <span class='ocrx_word' id='word_1_208' title='bbox 280 3771 356 3824; x_wconf 86' lang='lat' dir='ltr'><strong>Gale.</strong></span> <span class='ocrx_word' id='word_1_209' title='bbox 377 3773 421 3823; x_wconf 93' lang='lat' dir='ltr'><strong>l.l.</strong></span> <span class='ocrx_word' id='word_1_210' title='bbox 442 3781 505 3826; x_wconf 81' lang='lat' dir='ltr'><strong>teat.</strong></span> <span class='ocrx_word' id='word_1_211' title='bbox 523 3789 549 3842; x_wconf 88' lang='lat' dir='ltr'><strong>p.</strong></span> <span class='ocrx_word' id='word_1_212' title='bbox 571 3773 594 3826; x_wconf 66' lang='grc' dir='ltr'><strong>5λ</strong></span> 
     </span>
    </p>
   </div>
   <div class='ocr_carea' id='block_1_10' title="bbox 158 3871 1163 4107">
    <p class='ocr_par' dir='ltr' id='par_1_10' title="bbox 158 3871 1163 4107">
     <span class='ocr_line' id='line_1_31' title="bbox 158 3871 1163 3947; baseline 0.003 -23"><span class='ocrx_word' id='word_1_213' title='bbox 158 3871 206 3943; x_wconf 73' lang='lat' dir='ltr'><strong>(tt)</strong></span> <span class='ocrx_word' id='word_1_214' title='bbox 226 3871 339 3927; x_wconf 76' lang='lat' dir='ltr'><strong>lenones</strong></span> <span class='ocrx_word' id='word_1_215' title='bbox 365 3875 497 3928; x_wconf 77' lang='lat' dir='ltr'><strong>Ecltlaaxo</strong></span> <span class='ocrx_word' id='word_1_216' title='bbox 522 3884 563 3928; x_wconf 84' lang='lat' dir='ltr'><strong>est</strong></span> <span class='ocrx_word' id='word_1_217' title='bbox 592 3879 632 3941; x_wconf 85' lang='lat' dir='ltr'><strong>ia,</strong></span> <span class='ocrx_word' id='word_1_218' title='bbox 660 3893 739 3947; x_wconf 82' lang='lat' dir='ltr'><strong>quem</strong></span> <span class='ocrx_word' id='word_1_219' title='bbox 766 3877 875 3929; x_wconf 72' lang='lat' dir='ltr'><strong>annates</strong></span> <span class='ocrx_word' id='word_1_220' title='bbox 907 3877 1040 3930; x_wconf 80' lang='lat' dir='ltr'><strong>llirlruser</strong></span> <span class='ocrx_word' id='word_1_221' title='bbox 1069 3875 1163 3927; x_wconf 85' lang='lat' dir='ltr'><strong>dicunt</strong></span> 
     </span>
     <span class='ocr_line' id='line_1_32' title="bbox 221 3962 1161 4038; baseline 0.001 -25"><span class='ocrx_word' id='word_1_222' title='bbox 221 3963 370 4032; x_wconf 73' lang='lat' dir='ltr'><strong>„collegam</strong></span> <span class='ocrx_word' id='word_1_223' title='bbox 391 3981 411 4014; x_wconf 88' lang='lat' dir='ltr'><strong>a.</strong></span> <span class='ocrx_word' id='word_1_224' title='bbox 430 3964 609 4016; x_wconf 63' lang='lat' dir='ltr'><strong>Grtnbatuts‘</strong></span> <span class='ocrx_word' id='word_1_225' title='bbox 643 3965 709 4038; x_wconf 53' lang='grc' dir='ltr'><strong>Ηοεθ</strong></span> <span class='ocrx_word' id='word_1_226' title='bbox 725 3965 795 4018; x_wconf 84' lang='lat' dir='ltr'><strong>euim</strong></span> <span class='ocrx_word' id='word_1_227' title='bbox 820 3983 872 4018; x_wconf 77' lang='lat' dir='ltr'><strong>uuo</strong></span> <span class='ocrx_word' id='word_1_228' title='bbox 897 3981 930 4018; x_wconf 80' lang='lat' dir='ltr'><strong>ax</strong></span> <span class='ocrx_word' id='word_1_229' title='bbox 952 3963 1103 4018; x_wconf 77' lang='lat' dir='ltr'><strong>continenti</strong></span> <span class='ocrx_word' id='word_1_230' title='bbox 1127 3962 1161 4015; x_wconf 87' lang='lat' dir='ltr'><strong>ab</strong></span> 
     </span>
     <span class='ocr_line' id='line_1_33' title="bbox 224 4049 677 4107; baseline 0.015 -7"><span class='ocrx_word' id='word_1_231' title='bbox 224 4049 335 4104; x_wconf 73' lang='lat' dir='ltr'><strong>attredn</strong></span> <span class='ocrx_word' id='word_1_232' title='bbox 352 4052 499 4107; x_wconf 83' lang='lat' dir='ltr'><strong>accersitos</strong></span> <span class='ocrx_word' id='word_1_233' title='bbox 513 4061 625 4106; x_wconf 73' lang='lat' dir='ltr'><strong>consuo</strong></span> <span class='ocrx_word' id='word_1_234' title='bbox 645 4083 677 4096; x_wconf 92' lang='lat'><strong>-·</strong></span> 
     </span>
    </p>
   </div>
   <div class='ocr_carea' id='block_1_11' title="bbox 0 0 1474 4716">
    <p class='ocr_par' dir='ltr' id='par_1_11' title="bbox 0 0 1474 4716">
     <span class='ocr_line' id='line_1_34' title="bbox 0 0 1474 4716; baseline 0 3"><span class='ocrx_word' id='word_1_235' title='bbox 0 0 1474 4716; x_wconf 95' lang='lat' dir='ltr'><strong> </strong></span> 
     </span>
    </p>
   </div>
  </div>
 </body>
</html>
