2938 4716
1136 375 1177 438 53

143 542 326 618 mommo),
344 547 386 618 ut,
409 557 486 620 quae
509 558 579 602 vera
600 547 681 602 esset
703 557 727 602 s.
749 544 913 622 scripturae
935 551 966 606 et
987 563 1048 610 ss.
1070 556 1185 630 patrum

143 644 182 707 de
203 660 332 722 corpore
353 647 384 702 et
410 643 561 720 sanguine,
589 640 708 703 Domini
737 646 899 720 sententia,
932 647 1049 726 scriptis
1077 666 1185 730 perse.

142 749 324 824 querentur,
358 740 509 802 voluntate
541 746 630 821 amus
657 742 833 802 auctoritate
855 759 908 803 sua
931 747 1080 808 excitavit.
1122 749 1186 812 Ra·-

142 842 250 908 tramni
269 841 346 902 liber
369 846 476 914 exstet,
496 841 577 903 Scoti
600 841 711 901 invidia
735 846 898 921 temporum
920 851 964 904 est
986 844 1166 927 absumptus.

227 941 329 1019 Neque
352 947 450 1001 tamen
474 939 533 1001 hoo
557 939 624 1002 ioco
641 957 701 1001 non
717 948 785 1002 sunt
799 943 1088 1022 commemorandae,
1109 963 1185 1026 quae

139 1059 231 1122 super
252 1042 335 1103 tibris
361 1057 523 1119 eorumque
544 1039 715 1101 auctoribus
738 1042 815 1122 inter
835 1041 917 1104 viros
940 1041 1047 1105 doctos
1061 1051 1185 1109 exortae

141 1149 212 1205 sunt
235 1141 453 1204 dissensiones.
497 1139 627 1201 Fuerunt
648 1140 753 1220 igitur,
787 1143 836 1220 qui
872 1158 960 1204 ununr
988 1143 1078 1206 modo
1099 1145 1138 1207 dc
1158 1163 1184 1208 s.

139 1242 327 1305 Euchariston
351 1259 437 1321 opus,
458 1240 537 1319 quod
559 1239 710 1301 Ratramni
731 1257 799 1300 esse
821 1241 960 1319 diximus,
983 1243 1082 1308 Caroli
1102 1247 1185 1310 iussu

140 1343 343 1422 consotiorum
367 1359 436 1404 esse
459 1347 605 1419 putarent,
628 1358 724 1419 neque
747 1343 775 1402 id
798 1341 977 1420 Ratramno,
1005 1346 1059 1408 sed
1092 1348 1184 1412 Scoto

139 1443 358 1506 adscriberent.
399 1441 450 1502 itis
473 1448 568 1502 sutem
592 1441 784 1522 iampridem
807 1444 845 1504 ita
866 1445 1049 1508 satisfactum
1065 1454 1120 1525 est,
1141 1455 1183 1527 ut,

140 1543 190 1623 qui
212 1542 364 1622 hodieque
388 1539 464 1602 itium
488 1541 593 1602 tibrum
615 1557 674 1601 non
696 1540 734 1602 ad
756 1540 945 1604 Retramnum
967 1545 1022 1606 sed
1047 1547 1086 1607 ad
1105 1547 1183 1627 Scoff

138 1651 197 1705 turn
231 1649 384 1704 auctorem
415 1640 544 1714 reserat,
577 1641 744 1702 inveniatur
773 1646 922 1720 nemott).
974 1644 1057 1715 (tuae
1082 1663 1182 1728 pugna

136 1750 293 1828 postquam
316 1742 427 1816 desiit,
461 1742 490 1801 in
514 1740 600 1803 aliam
625 1739 771 1820 quandam
797 1742 835 1804 de
856 1743 906 1806 illo
927 1744 1009 1807 Scoti
1030 1745 1107 1809 libro
1129 1767 1182 1810 su.

136 1845 304 1924 spicionern
326 1847 447 1902 ventum
484 1846 539 1902 est.
579 1840 661 1904 Hanc
690 1858 763 1903 vero
794 1861 914 1905 oausam
937 1845 978 1905 ita
1012 1847 1120 1925 optime
1153 1854 1183 1909 ot

136 1944 279 2006 tacittimo
303 1941 468 2002 diiudicare
488 1957 578 2020 posse
599 1939 744 2016 ridemur,
763 1943 788 2003 si
812 1948 911 2020 antea,
932 1944 1037 2022 quibus
1059 1947 1182 2024 potissi·

137 2063 215 2106 munr
237 2043 433 2124 argumentis,
465 2041 585 2102 Scotum
608 2039 645 2101 de
665 2058 690 2102 s.
714 2040 898 2104 Eucharistia
920 2042 1089 2122 scripsisse,
1113 2045 1182 2106 etti-

136 2145 246 2218 cirrtur,
265 2143 354 2224 panto
376 2142 545 2202 accuratius
568 2159 585 2202 a
606 2141 695 2202 nobis
716 2143 805 2203 tuerit
821 2142 1005 2222 explicatum.
1030 2144 1181 2208 Habentur

135 2251 235 2306 autem
258 2243 324 2304 eius
346 2242 390 2303 rei
415 2247 507 2303 testes
526 2259 591 2303 cum
614 2242 708 2322 ipsius
724 2243 805 2304 Scoti
827 2243 989 2323 aequales,
1025 2251 1083 2304 tum
1106 2261 1179 2308 vcro

134 2343 341 2424 Berengarius
364 2341 545 2402 Turonensis
568 2341 677 2422 quique
716 2359 781 2403 cum
803 2342 862 2403 hoc
885 2327 1022 2405 vixerunt
1042 2344 1180 2407 homines

133 2443 228 2506 docti.
269 2443 367 2522 Atque
388 2439 464 2502 itlius
484 2441 606 2520 generis
629 2440 907 2519 suntddreuatdus,
931 2443 1093 2505 monachus
1109 2443 1179 2506 Flo·

133 2546 297 2617 riaceusis,
328 2545 386 2618 vir,
415 2561 431 2603 a
456 2541 592 2603 doctrina
613 2559 802 2622 summopere
823 2543 1010 2618 laudatus⁷¹)
1032 2549 1062 2606 et
1083 2543 1178 2608 Hinc-

133 2664 247 2722 marus,
269 2642 514 2722 archiepiscopus
535 2641 700 2704 Romensis.
737 2643 907 2722 Composuit
927 2645 1004 2704 enim
1025 2643 1176 2706 Adrevat-

135 2745 189 2807 dus
224 2742 414 2823 ,opusculum
445 2740 483 2803 de
517 2758 645 2822 corpore
678 2750 707 2803 et
739 2747 885 2823 sanguine
918 2743 1035 2806 Domini
1072 2751 1176 2806 contra

132 2847 262 2924 ineptias
284 2843 403 2906 loannis
424 2843 524 2904 800ιίι
544 2879 583 2892 -
608 2841 691 2904 cuius
720 2842 810 2905 tibetti
840 2842 957 2924 insigne
981 2843 1176 2926 fragmentum

133 2945 226 3008 edidit
238 2945 310 3006 Luc.
323 2940 486 3006 Dacherius
498 2943 688 3022 inpeterent
700 2943 877 3024 scriptorum
891 2945 1047 3024 spicilegio
1058 2948 1126 3019 ⁷²).“
1136 2979 1175 2994 --

281 3119 306 3126 ...-
320 3117 425 3128 --.-.

166 3230 216 3300 69)
237 3231 272 3280 et'.
293 3231 401 3296 Bereog.
424 3227 574 3279 Trrrourns.
595 3225 672 3293 epist.
691 3223 723 3274 art
740 3224 861 3276 Richard.
881 3225 943 3276 abb.
957 3254 983 3264 -
998 3225 1174 3296 apudMauti.

232 3319 261 3368 in
280 3335 354 3367 conc.
376 3317 481 3367 collect.
501 3325 565 3366 tom.
584 3313 652 3375 xtx,
672 3313 723 3365 col.
743 3313 793 3366 785
811 3317 828 3365 Β
847 3331 902 3383 seq.

165 3424 213 3490 70)
237 3423 271 3474 cf.
294 3423 366 3499 Mota.
387 3431 437 3472 art.
454 3419 550 3472 Bened.
570 3436 638 3471 saec.
660 3420 710 3480 tv,
742 3437 800 3488 pars
829 3419 851 3468 ΙΙ
879 3418 964 3488 praef.
992 3437 1019 3471 ιι.
1039 3418 1169 3485 itt-89,

229 3508 320 3562 Iacob.
338 3508 457 3560 Boiteau.
479 3510 506 3558 in
525 3506 606 3578 praef.
626 3505 659 3556 ad
679 3508 811 3558 Ratrumn.
830 3506 864 3556 de
883 3523 957 3574 corp.
975 3515 1002 3558 et
1020 3523 1093 3574 sang.
1115 3507 1172 3556 Do·

232 3597 314 3660 mini;
335 3626 366 3638 -
387 3594 449 3647 hist.
474 3595 556 3646 litter.
586 3594 620 3644 de
637 3593 662 3644 la
686 3594 783 3644 France
803 3603 866 3644 torn.
883 3593 904 3643 V
924 3611 951 3663 p.
970 3591 1021 3646 337
1043 3609 1118 3662 seqq.
1138 3620 1169 3630 -

231 3683 278 3734 Dr.
297 3686 316 3734 l.
339 3684 358 3733 Ι.
380 3684 481 3746 Ritter,
508 3681 657 3734 Hondbuch
677 3680 724 3732 der
742 3679 1024 3746 Kirchengruclrichte,
1060 3677 1124 3730 edit.
1147 3679 1170 3729 ΙΙ

228 3772 283 3822 rol.
307 3773 344 3832 ΙΙ,
373 3789 398 3842 p.
421 3769 470 3821 192
488 3757 578 3840 se⁸qq.;
599 3800 634 3809 -
656 3771 700 3820 Dr·
720 3770 740 3819 l.
762 3769 781 3819 Ῑ.
804 3771 822 3818 t.
843 3770 997 3837 Diillingrr,
1028 3765 1170 3818 Lehrbuch

232 3858 282 3908 der
300 3855 581 3924 Kirctrengesehichte,
600 3857 652 3906 vol.
671 3857 691 3907 l.
712 3874 737 3924 p.
759 3852 820 3906 409.
842 3885 875 3896 -

164 3959 212 4029 tt)
232 3961 266 4012 ct.
285 3960 347 4012 hiet.
367 3961 448 4012 litter.
468 3959 794 4012 deuteuronomii.
815 3976 842 4028 p.
864 3959 914 4010 ⁵15
935 3973 992 4027 req.

162 4065 209 4130 72)
230 4066 265 4118 ct.
296 4067 420 4139 Spicitrg.
460 4067 523 4146 edit:
550 4068 570 4124 1.
598 4067 728 4135 Pering-
743 4065 863 4118 tinctu
894 4061 1089 4134 septrornrr.
1110 4061 1168 4127 ΧΙΙ,
