2944 4714
780 216 816 282 Vi

255 409 325 478 dam
340 413 373 477 et
386 411 508 478 noblleo
522 409 711 494 philosophi,
733 412 826 478 molta
851 408 927 476 ialsa
950 425 1020 493 que
1029 408 1103 492 jore
1118 407 1346 476 contemnimus

255 517 319 564 oon
335 498 434 565 solum
450 500 490 564 de
507 500 656 565 creatore
671 499 748 578 Ded,
764 500 820 565 sed
837 499 877 563 de
892 497 1092 576 boemundo,
1114 492 1345 580 estnequam

256 603 295 652 eo
310 594 393 668 sunt,
409 589 547 652 sensisse
567 589 777 652 inveniuntur.
816 587 896 663 Quid
920 586 1003 650 enim
1018 587 1182 650 absurdius
1197 585 1345 650 affirmari

254 681 368 755 potem,
383 692 474 757 quam
489 675 601 740 ooelum
617 683 761 756 astraque
776 677 878 740 omnia
893 681 988 752 stare,
1015 680 1127 738 terram
1143 690 1220 736 nero
1236 671 1347 754 rapida

254 763 411 844 vertigine
427 763 460 828 in
476 765 578 828 medio
594 763 794 841 circumferri,
812 761 875 826 lalli
891 779 967 826 voro
984 777 1040 825 eos
1055 763 1109 844 qui
1123 764 1230 842 putant
1244 759 1346 824 coele-

252 850 312 914 otia
327 851 457 928 moveri,
480 850 734 933 quemadmodum
751 850 898 915 tolluntur
920 851 1115 932 navigantes,
1137 846 1249 931 quibus
1274 855 1347 910 tm-

253 954 307 1001 reo
322 944 414 1020 atque
429 939 558 1004 arbores
574 957 642 1002 cum
667 939 744 1021 ipsis
758 939 919 1022 sittoribus
934 937 1080 1002 uidentur
1095 935 1264 1000 recedere:
1285 953 1347 1000 so-

253 1023 315 1088 lem
330 1033 483 1108 preterea
498 1045 560 1092 non
577 1025 691 1101 calere,
713 1027 816 1089 nivem
839 1027 961 1108 nigram
977 1043 1059 1099 esse,
1082 1022 1190 1087 audire
1205 1023 1278 1102 quis
1294 1023 1348 1085 le-

253 1111 318 1178 tatl
349 1121 423 1178 suut
444 1113 525 1194 apud
548 1112 619 1178 illos
641 1113 729 1195 plora
751 1129 839 1194 eque
861 1119 1078 1190 monstruosa,
1099 1129 1168 1193 que
1192 1109 1348 1191 prosequi

254 1199 382 1284 longum
399 1207 447 1265 est
462 1209 492 1264 et
507 1201 720 1281 nugatorium!
756 1201 804 1264 Ilo
820 1199 930 1282 quibus
944 1201 1064 1264 Ductor
1079 1203 1198 1278 nostm,
1223 1195 1347 1260 Dicen-

254 1292 312 1365 ter,
329 1292 440 1369 inquit,
455 1305 490 1351 se
505 1305 571 1350 ease
586 1288 754 1367 sopientes,
769 1289 859 1350 stulti
871 1288 953 1367 [acti
966 1292 1049 1350 sont.

340 1375 409 1439 Non
426 1374 484 1440 bos
500 1374 596 1454 elegit
607 1375 770 1452 Dominus,
787 1377 839 1457 qui
853 1376 1006 1458 superbire
1023 1373 1119 1438 iubati
1135 1371 1248 1454 spiritu
1264 1387 1348 1435 eoo-

253 1468 384 1524 aercunt
409 1464 442 1524 in
457 1462 701 1544 cooitotionidos
721 1465 797 1527 ruia.
835 1463 877 1528 At
897 1463 996 1528 nostri
1018 1461 1063 1524 illi
1085 1463 1191 1525 Patres
1212 1458 1348 1523 humiles

255 1548 351 1612 corde
365 1565 401 1612 ac
415 1567 568 1630 pauperes
583 1551 705 1630 spiritu,
726 1567 783 1631 pro
805 1553 918 1633 quibus
932 1551 1074 1615 Salvator
1087 1550 1207 1612 Patrem
1222 1544 1349 1629 glorin-

255 1641 304 1698 cet
319 1635 378 1698 boo
392 1638 504 1702 modot
535 1638 693 1718 Confiteor
708 1638 766 1700 tibi
780 1637 875 1702 Poter
889 1638 1020 1701 Domine
1035 1636 1105 1701 culi
1120 1642 1151 1699 et
1166 1643 1274 1707 turm,
1291 1635 1351 1716 qai

255 1721 448 1788 abscondisti
468 1726 536 1789 leo
560 1741 582 1788 o
602 1726 797 1806 sapientibus
816 1734 847 1788 et
863 1723 1073 1806 prodentibus
1086 1730 1118 1786 et
1137 1722 1287 1787 reoclosti
1306 1737 1350 1784 eo

251 1811 414 1892 porentia:
444 1813 518 1878 ldeo
533 1831 663 1878 veraces
677 1821 759 1890 sunt,
783 1815 854 1895 quia
879 1815 1140 1896 participaverunt
1155 1817 1188 1875 et
1202 1809 1348 1874 codese-

254 1905 328 1964 runt
342 1899 387 1963 illi
403 1902 456 1982 qui
471 1905 529 1967 ait:
567 1903 720 1983 Eoosom
741 1901 808 1977 Via,
833 1907 863 1964 ct
883 1902 1016 1978 Veritas,
1042 1906 1072 1963 et
1094 1899 1175 1963 l'ito.
1212 1897 1259 1960 Ile
1283 1913 1348 1978 quo

255 1987 345 2050 etiam
368 1989 451 2052 iulus
474 1989 660 2066 didicerunt,
683 1989 766 2071 quod
790 1989 830 2052 de
845 1991 1043 2054 sacramento
1064 1987 1125 2052 hoc
1139 1987 1180 2050 dc
1195 2001 1258 2066 quo
1274 1985 1348 2067 agi-

257 2091 324 2138 mus
340 2075 416 2139 ioris
431 2075 616 2141 docuerunt.
639 2075 814 2140 Audierumt
829 2079 910 2140 enim
928 2095 997 2140 eum
1012 2076 1051 2139 de
1065 2077 1172 2155 seipso
1189 2074 1221 2135 in
1237 2071 1346 2136 Evan-

255 2161 339 2246 gelio
364 2163 596 2244 predicantem:
638 2163 706 2245 Eoo
725 2181 795 2227 aunt
810 2166 906 2245 ponis
930 2165 1021 2229 oious
1042 2163 1097 2244 φη·
1118 2162 1158 2225 de
1180 2159 1259 2223 coelo
1283 2159 1346 2222 de-

254 2250 377 2312 scendi:
398 2252 428 2313 ti
447 2255 517 2333 quic
539 2253 737 2314 manducarit
757 2252 797 2315 de
818 2253 877 2315 boc
894 2270 989 2334 pone,
1009 2252 1093 2315 oinct
1120 2251 1154 2313 in
1175 2255 1346 2312 dimna:

254 2337 297 2402 Et
307 2339 404 2417 penu
418 2357 508 2420 quem
522 2358 579 2423 eoo
594 2341 689 2416 dabo,
705 2356 782 2402 coro
797 2357 867 2403 meo
882 2349 929 2403 cst
939 2358 1001 2421 pro
1017 2337 1123 2401 mundi
1136 2337 1215 2401 oito.
1238 2334 1344 2411 Dabo,

255 2424 367 2506 inquit,
394 2444 458 2490 non
480 2430 538 2506 ait,
555 2429 644 2490 dedi:
687 2427 817 2503 Quando
840 2446 917 2511 ergo
939 2429 1031 2509 coepit
1050 2425 1150 2488 dare?
1182 2422 1344 2499 Quando?

251 2513 357 2593 pridie
379 2531 473 2594 quom
495 2523 661 2594 mutuetur
681 2518 816 2595 occeptit
834 2535 960 2598 ponem,
984 2523 1014 2579 ei
1038 2514 1167 2577 elevatis
1189 2511 1288 2575 oculis
1309 2511 1345 2572 in

256 2599 376 2676 coelunt,
397 2604 521 2681 oratius
539 2621 635 2684 dyene
658 2602 829 2680 benedixit,
851 2605 957 2686 fredit,
984 2602 1070 2667 dedit
1085 2599 1258 2681 deotpato
1277 2599 1346 2660 cub

256 2686 376 2751 dicens:
405 2687 547 2770 Accipite
560 2698 592 2753 et
606 2691 774 2754 comedite:
804 2691 871 2756 Hoc
886 2699 932 2756 est
948 2706 1063 2772 corpur
1077 2707 1192 2752 mcum:
1223 2685 1345 2749 Simili-

256 2780 305 2838 ier
319 2781 351 2838 et
365 2776 504 2857 calicem,
516 2785 687 2862 postquem
708 2781 855 2859 ooenooit,
880 2779 1006 2843 dwens:
1035 2778 1178 2858 Accipite
1201 2783 1233 2838 et
1248 2772 1345 2836 bibite

255 2881 298 2926 ec
312 2880 350 2926 ec
366 2883 491 2928 omnes:
528 2867 587 2931 Hic
610 2875 656 2930 ert
671 2867 757 2930 colio
772 2868 935 2950 sonouinis
955 2869 1026 2942 naci,
1053 2867 1107 2947 qni
1124 2881 1188 2945 pro
1208 2861 1300 2927 nobis
1314 2865 1346 2922 et

251 2967 315 3032 pro
338 2953 443 3015 multis
464 2950 642 3034 effundetur
663 2958 696 3018 in
711 2957 923 3019 remissionem
933 2961 1146 3036 peccatorum.
1185 2950 1261 3026 Quis
1283 2947 1345 3012 hoc

255 3039 297 3102 ita
312 3057 381 3103 esse
397 3059 460 3106 non
475 3043 583 3122 credit,
606 3043 667 3106 nisi
684 3045 736 3124 qui
752 3049 804 3106 aut
820 3042 942 3107 Christo
958 3059 1021 3105 non
1037 3041 1148 3118 credit,
1171 3045 1224 3104 aut
1244 3039 1344 3118 ipsu·
1451 3075 1452 3102 t

255 3124 316 3192 boo
330 3127 449 3193 dixisse
464 3147 527 3195 uon
543 3131 656 3196 crediti
672 3131 728 3194 sed
744 3131 784 3194 de
798 3130 967 3195 incredulis
983 3129 1059 3192 nihil
1074 3128 1112 3192 ad
1128 3143 1194 3191 nos.
1217 3125 1344 3189 Dixisse

255 3221 356 3279 autem
366 3215 530 3297 Christum,
547 3225 643 3284 testes
658 3235 721 3282 non
736 3218 798 3285 duo
814 3223 929 3283 uotum
946 3225 999 3281 aut
1013 3225 1088 3295 tres,
1104 3215 1136 3278 in
1152 3213 1266 3297 ouibus
1280 3217 1345 3274 etot
1451 3251 1452 3260 η

256 3319 345 3367 omne
359 3303 498 3384 cerbon,
513 3307 569 3370 sed
585 3312 717 3388 quatuor
732 3307 940 3388 probatissimi
949 3305 1175 3386 certissimique
1191 3300 1344 3365 existunt:
1451 3359 1452 3376 ξ

256 3389 318 3456 duo
333 3391 454 3456 scilicet
468 3395 500 3457 in
517 3394 773 3472 circumcisione,
789 3403 820 3458 et
834 3393 897 3460 duo
914 3413 954 3457 ex
968 3393 1131 3474 Preputio,
1155 3395 1189 3452 ut
1213 3395 1345 3469 uterque
1451 3445 1452 3450 ,

255 3481 401 3561 populus,
418 3482 483 3546 suis
499 3500 534 3547 ac
548 3483 696 3564 legitimis
712 3482 961 3558 authoritatibus,
977 3483 1045 3546 sive
1061 3479 1098 3544 ad
1115 3475 1255 3551 salutem,
1278 3477 1346 3538 sire

256 3565 295 3628 ad
307 3567 457 3646 Judioium
473 3577 622 3634 uteretur.
651 3571 737 3633 Dixit
751 3571 875 3651 utique:
897 3568 975 3632 dixit
990 3569 1042 3631 ille
1058 3567 1112 3649 qui
1126 3564 1205 3628 dixit
1220 3571 1252 3625 et
1267 3561 1346 3626 lacta

256 3660 338 3719 runt.
382 3654 442 3730 Qui
465 3659 546 3722 enim
562 3659 641 3722 dixit
661 3658 873 3738 imprimendo,
894 3657 966 3720 Fiet
981 3655 1048 3733 lue,
1069 3662 1100 3716 ct
1122 3651 1213 3733 [octo
1228 3656 1277 3712 est
1290 3649 1348 3712 Μ

257 3741 297 3804 de
313 3742 426 3806 nihilo:
451 3763 514 3809 nou
529 3747 629 3827 potuit
642 3744 774 3810 dicendo
790 3745 829 3808 de
845 3761 934 3826 pane,
956 3743 1023 3806 Hor
1042 3749 1090 3806 eat
1104 3755 1221 3820 corpus
1235 3755 1346 3815 mona,

258 3830 301 3894 ita
315 3829 382 3892 lieri
397 3831 546 3896 allicere?
582 3833 621 3897 Et
645 3835 697 3915 qui
714 3835 805 3897 tacita
820 3833 936 3896 virtute
950 3849 1057 3914 aquam
1073 3829 1168 3893 vertit
1182 3827 1214 3890 iu
1229 3824 1347 3900 vinum,

258 3935 323 3983 non
338 3915 493 3984 efficacius
507 3928 631 4000 poterat
644 3922 686 3991 (si
703 3921 756 4002 qui
771 3929 873 3985 tamen
889 3919 1041 3984 efficacius
1066 3917 1105 3981 de
1120 3916 1188 3980 Deo
1209 3913 1272 3977 dici
1286 3911 1348 3976 de·
1451 3945 1452 3970 t

258 4007 328 4077 bet)
342 4015 474 4071 sonante
487 4009 637 4076 vocaliter
653 4008 761 4074 eidem
775 4011 898 4087 rtrtutc,
921 4006 1026 4072 vinum
1048 4007 1148 4088 ipsum
1165 4003 1199 4066 in
1214 3999 1348 4084 sangoi-
1451 3991 1452 4052 Τ

259 4111 331 4160 nem
347 4109 435 4158 ouum
451 4097 644 4162 transferret

348 4179 481 4258 Quodsi
497 4184 566 4266 quio
581 4184 662 4268 apud
676 4201 712 4254 sc
726 4185 816 4267 dicat,
832 4185 972 4269 potuisse
985 4183 1047 4252 lroc
1058 4181 1174 4262 lacere,
1194 4193 1288 4244 uuam
1302 4173 1347 4240 il-
1451 4191 1452 4222 t
