2938 4716
1131 369 1169 431 et

146 541 262 603 todinnnt
286 541 327 618 ii,
360 540 411 620 oui
443 537 523 600 buno
552 543 733 621 sequamur,
766 537 870 602 Simon
906 537 1113 604 Dnnetnensis
1143 550 1173 606 et

144 639 267 702 itattbins
304 625 519 702 westmonast.
570 639 718 714 „Verbum
755 657 774 700 e
806 639 949 714 verbn,“
985 643 1026 703 nit
1060 643 1172 720 iuteo),

143 741 311 816 „trnnstuiit.
357 741 424 814 Quo
439 740 480 814 tu,
503 745 534 802 ut
555 742 604 800 vix
624 739 804 820 intedigatur
834 739 923 802 iatine
950 739 1066 818 littera,
1096 761 1173 824 quau

143 841 313 904 votnbititate
336 841 432 922 magis
460 857 589 921 graeca,
620 857 707 920 quant
741 841 891 920 positione
912 842 1094 904 construitur
1114 859 1173 906 no.
1238 825 1241 832 ⁴

143 949 194 1004 stra
214 946 248 1008 ti.
272 961 300 1006 e.
322 943 457 1010 tatinat.“

213 1045 308 1124 Atque
336 1049 458 1122 propter
479 1041 558 1104 bano
579 1043 672 1121 ipsam
691 1044 944 1122 interpretationis
967 1040 1169 1124 Erigenianna

141 1143 342 1206 obscuritatem
366 1143 475 1204 iactum
495 1159 564 1202 esse
585 1149 703 1221 putant,
723 1151 755 1204 ut
775 1151 878 1223 postea
902 1143 1046 1205 oblivioni
1070 1143 1174 1206 trade-

142 1251 232 1318 retur,
263 1261 322 1304 nuc
350 1243 408 1304 nisi
431 1259 579 1323 perpauca
601 1245 666 1304 eius
687 1243 867 1323 exemplario
891 1243 1029 1322 proprius
1054 1241 1091 1304 od
1114 1260 1172 1306 no.

140 1349 373 1405 stratu-oetatem
395 1343 582 1404 accesserint
594 1345 648 1418 ²⁰).
690 1343 779 1424 Typts
808 1343 956 1424 descripto
978 1343 1088 1424 prodiit
1110 1343 1173 1407 Co-

139 1441 230 1504 toniee
251 1444 438 1524 Agrippinae
460 1459 517 1502 uno
543 1460 608 1504 curn
623 1443 690 1506 otiis
705 1443 879 1523 quibusdan
895 1443 1022 1524 antiquis
1039 1443 1174 1508 Pseudo·

142 1542 267 1622 itionpsii
290 1541 543 1608 versionibusitt.

213 1643 365 1716 Attorunr,
388 1640 507 1720 dequo
530 1639 672 1714 diximus,
704 1640 853 1722 Erigonae
876 1659 970 1723 opus,
994 1644 1172 1723 interprete.

139 1743 241 1804 tionent
258 1741 446 1804 Subotiorurn
468 1743 496 1802 in
509 1741 686 1821 Gregoriurn
709 1741 890 1823 tbeoiogurn,
910 1741 1038 1806 biremes
1050 1744 1171 1820 Gaieus,

138 1842 326 1918 Oxoniensis,
358 1859 415 1904 uno
438 1859 504 1904 eunt
527 1839 611 1902 tibris
634 1841 672 1901 de
693 1840 841 1904 divisione
863 1849 986 1905 nnturne
1011 1843 1105 1906 edidit
1121 1848 1172 1921 ³¹).

138 1944 300 2022 Acceperat
323 1941 365 2018 td,
386 1948 416 2003 ut
438 1943 502 2022 ipse
523 1943 573 2019 ait,
597 1957 689 2022 opera
712 1943 832 2004 ioannis
857 1943 1081 2018 biubittonii³²).

511 2127 775 2148 Ἣ

566 2279 665 2362 Caput
688 2277 740 2344 IV.

134 2439 217 2515 (bue
241 2435 373 2522 gesserit
394 2435 532 2520 Erigone
551 2435 583 2500 in
611 2435 674 2500 ittis
703 2435 917 2520 theologorum
946 2435 1174 2518 conponendis,

456 2555 583 2621 quarum
605 2537 760 2618 particeps
781 2536 848 2601 fuit.

212 2719 297 2780 Dono
321 2717 455 2792 omnino,
479 2723 618 2795 utsupra
641 2717 698 2776 iarn
721 2713 885 2792 docuimus,
912 2715 1029 2779 suerunt
1053 2716 1173 2782 theolo-

132 2835 235 2896 uorum
270 2833 386 2898 pugnae
421 2814 502 2878 Senti
534 2815 715 2895 temporibus
750 2832 803 2895 per
837 2815 959 2880 Gattiana
981 2818 1172 2894 commissae,

135 2935 253 2998 quornm
275 2935 354 2980 nuno
374 2934 475 2978 sumus
497 2918 678 2978 mentionem
703 2914 817 2978 tacturi.
859 2917 961 2980 Attene
983 2917 1021 2980 de
1043 2916 1172 2998 praede.

133 3019 290 3082 stinetione
313 3023 391 3079 mota
414 3021 462 3078 est
483 3034 499 3077 o
524 3015 734 3090 Gothesoatoo,
756 3015 922 3078 Orbneensi
943 3015 1104 3090 rnonaebo,
1125 3014 1172 3078 ai-

133 3126 222 3182 teram
258 3118 296 3179 do
331 3135 355 3182 s.
390 3115 575 3180 Eucharistin
611 3115 753 3176 excitavit
784 3115 962 3180 Paschasius
995 3115 1174 3192 Radbertus,

133 3219 233 3282 Gattici
260 3219 401 3281 coenobii
423 3217 614 3280 corbeiensis
635 3217 768 3279 antistes.

136 3377 430 3388 ——-—--—.-—-—-
451 3377 468 3384 .-

161 3475 213 3542 28)
232 3474 266 3525 rt.
285 3471 381 3523 ΤΙιοιιι.
402 3469 477 3522 Gale.
498 3465 542 3518 tt.
561 3465 661 3517 testim.
683 3483 709 3535 p.
729 3463 756 3519 6.

163 3579 214 3646 29)
232 3577 268 3629 et.
287 3573 402 3627 Histoire
423 3574 474 3624 tiu.
494 3571 528 3622 de
546 3571 571 3621 ia
590 3571 631 3620 Fr.
651 3577 715 3656 terp.
738 3567 770 3630 V,
787 3567 909 3640 pm„

161 3683 211 3748 30)
231 3683 266 3733 cs.
285 3696 364 3749 snpra
382 3687 440 3733 not.
459 3675 503 3729 20.

165 3785 215 3854 et)
235 3786 270 3836 ef.
290 3779 382 3834 lost.
402 3781 471 3848 Erip.
491 3779 525 3829 de
546 3778 621 3828 diris.
643 3784 696 3828 nat.
720 3775 781 3826 libri
801 3774 833 3826 V.
853 3771 962 3827 deradit
982 3767 1123 3843 Appendix
1140 3785 1173 3820 ex

227 3871 366 3938 Ambiguis
390 3885 411 3920 ι.
442 3867 550 3920 Maximi
578 3866 679 3914 Grnere
708 3870 736 3912 et
764 3863 865 3912 tutius.
902 3859 1037 3912 (ironiis
1065 3859 1170 3910 theatro

232 3957 433 4012 Srbeidonieuo
452 3956 481 4007 Α.
503 3945 693 4006 tttuctxxttt.
715 3977 745 3990 -

164 4066 215 4132 ³2)
232 4065 267 4116 cs.
290 4061 387 4116 Thoar.
408 4058 484 4111 Gale.
506 4055 553 4107 Ι.1.
573 4055 671 4106 testim.
691 4071 718 4121 p.
740 4053 781 4102 tn.

950 4123 970 4188 3
