2938 4716
294 355 336 424 3i

299 517 354 598 sua
377 534 568 598 irrevocabili
590 537 778 598 contumacia
802 575 842 590 -
863 571 904 586 -
926 542 957 599 ut
976 537 1130 617 improbus
1147 537 1242 617 virpts
1265 555 1339 599 cae-

295 653 346 698 sos
366 675 406 689 -
418 637 514 698 -ne
535 635 601 699 aliis
621 645 755 714 noceret,
776 638 826 719 qui
847 637 905 700 sibi
926 638 1016 720 (ipsi)
1035 639 1183 720 prodesse
1203 638 1335 714 nolebat,

293 736 446 819 ergastuto
468 742 514 801 est
536 743 698 800 retmsase
722 771 762 790 -·

374 839 458 912 Quae
481 853 577 918 poena
600 837 803 900 miserandum
836 839 868 900 in
890 837 1009 900 modum
1030 838 1230 902 Gotirescaico
1253 841 1335 902 irro-

289 943 370 1019 gata,
390 939 493 1013 movit,
513 941 544 1000 ut
563 937 627 999 tieri
655 937 745 1016 sodet,
777 937 927 1000 bominum
948 945 1006 1002 tum
1031 942 1251 1001 miserationem
1274 947 1333 1002 tnm

292 1038 538 1119 indignationem.
580 1037 649 1115 de,
684 1038 710 1100 si
744 1038 790 1100 eui
824 1037 901 1100 haee
932 1055 982 1102 ves
1011 1041 1109 1102 minus
1137 1041 1223 1101 cordi
1242 1045 1334 1116 esset,

292 1141 468 1204 exstiterunt
489 1141 593 1201 summi
617 1139 759 1219 theotogi,
781 1141 829 1218 qui
851 1147 1037 1217 vereremur,
1057 1157 1096 1202 ne
1117 1141 1224 1202 iniuste
1237 1139 1333 1202 iecis-

291 1248 339 1304 set
362 1239 558 1314 itincmarus,
594 1240 673 1320 quod
709 1239 899 1302 Gotbeseatoi
928 1241 1035 1321 piacita
1057 1240 1333 1322 praedestinatiana

291 1357 395 1404 errove
418 1339 526 1402 iniecta
549 1357 618 1403 csse
641 1341 813 1402 iudicasset
836 1377 876 1390 -

372 1440 436 1502 Nec
456 1440 597 1532 hercole,
628 1457 824 1520 quaecunque
846 1440 976 1521 alioquin
999 1440 1187 1503 Gortescdct
1208 1445 1331 1502 senten.

291 1539 330 1602 tia
352 1539 423 1616 tuit,
455 1541 605 1620 exipsius
625 1541 744 1616 verbis,
772 1541 879 1621 quibus
907 1559 974 1602 earn
997 1540 1190 1621 moguntinae
1214 1541 1333 1620 synodo

290 1640 467 1721 explicavit,
496 1646 642 1722 quatenus
664 1640 815 1721 hodieque
836 1647 971 1716 exstant,
1002 1641 1061 1703 utto
1082 1646 1170 1720 paeto
1194 1640 1332 1723 colliges,

290 1757 368 1820 quae
388 1747 419 1801 et
439 1739 615 1803 ilincmarus
639 1747 668 1802 et
691 1741 830 1802 Rabunus
860 1741 900 1803 itti
927 1741 1117 1819 tribuebam,
1144 1747 1234 1821 atque
1264 1757 1332 1803 cum

289 1840 414 1922 synodis
436 1841 548 1904 suisio
569 1841 619 1901 itio
643 1840 867 1904 damnaverunt.
910 1839 1013 1904 Refert
1046 1839 1123 1904 baeu
1153 1839 1264 1916 verba,
1300 1839 1332 1902 id

288 1940 368 2021 quod
389 1939 448 2002 boo
471 1939 540 2004 ioco
563 1947 644 2002 certe
663 1943 769 2004 sommi
790 1947 836 2003 cst
857 1943 1020 2018 momenti,
1053 1943 1118 2022 ipae
1146 1939 1332 2004 itincmarue.

287 2041 316 2104 ts
339 2043 416 2104 enim
440 2043 469 2104 in
490 2041 567 2104 libro
588 2059 644 2104 suo
665 2042 704 2104 de
733 2041 1006 2123 praedestinatione
1016 2045 1044 2117 ²)
1069 2042 1143 2106 duas
1174 2058 1191 2103 a
1219 2041 1332 2103 Gotbe.

289 2142 392 2204 scateo
414 2145 444 2205 in
465 2141 583 2222 syuodo
605 2141 779 2223 bioguntina
803 2144 983 2226 scriptiones
999 2143 1132 2223 prolutas
1146 2159 1217 2204 esse
1232 2142 1333 2220 docet,

288 2259 413 2322 querum
445 2241 538 2304 ultera
572 2242 624 2304 iuit
656 2241 743 2322 ,tidei
772 2242 810 2304 de
844 2243 1118 2323 praedestinatione
1148 2242 1331 2320 contessio,“
1386 2327 1387 2330 Ἴ

289 2343 382 2406 attera
409 2341 540 2421 ,tibetius
574 2341 612 2404 ad
633 2341 862 2419 Rabanumt‘tpr
883 2342 962 2406 tilam
982 2343 1073 2426 babet
1094 2345 1261 2429 integram,
1291 2361 1332 2405 en

259 2441 344 2506 ·bac
363 2441 449 2506 affert
471 2441 649 2523 fragmenta.
697 2441 780 2504 Haeo
815 2459 890 2504 vero
923 2443 1114 2506 Gotbescaici
1146 2445 1237 2506 verba
1268 2459 1330 2506 nou

288 2543 444 2606 continent
464 2541 614 2604 baeresim
635 2541 950 2621 praedestinatianam.
1003 2543 1108 2624 Neque
1143 2544 1221 2605 enirn
1253 2560 1332 2605 eou-

285 2642 426 2720 tenduut,
460 2641 712 2721 praedestinatam
734 2659 803 2704 csse
828 2659 844 2704 a
868 2642 927 2705 deo
951 2660 1044 2722 usque
1067 2644 1105 2705 ab
1126 2644 1206 2705 omni
1227 2650 1332 2708 aeter-

283 2744 375 2805 nitate
410 2741 533 2805 alteram
570 2742 719 2804 hominum
751 2751 862 2821 partem
898 2743 936 2807 ad
957 2741 1036 2805 beue'
1055 2751 1196 2824 reeteque
1218 2746 1329 2806 viven-

285 2842 372 2922 dum,
403 2843 527 2906 aiteram
550 2842 587 2903 ad
611 2841 688 2904 mate
708 2861 857 2925 praveque
889 2843 1056 2925 agendum3
1091 2842 1168 2906 itiam
1200 2843 1328 2925 proinde

289 2943 328 3006 ad
349 2945 550 3026 sempiternae
571 2943 650 3004 vitae
671 2941 901 3022 beatitudinem,
936 2945 1014 3008 bauo
1043 2945 1080 3006 ad
1103 2951 1255 3008 aeternam
1278 2944 1329 3006 iu-

284 3051 368 3106 turue
392 3047 472 3106 vitae
491 3043 703 3138 calamitatem:
726 3062 783 3125 qua
803 3064 836 3107 ro
857 3045 933 3121 fieri,
955 3051 986 3106 ut
1008 3044 1079 3108 nihii
1096 3062 1218 3126 prorsus
1232 3045 1328 3108 libero

289 3145 440 3208 bominum
462 3142 586 3206 arbitrio
617 3146 657 3206 sit
687 3145 831 3208 retiatum.
875 3145 1086 3208 Demonstrant
1118 3151 1223 3208 contra
1254 3143 1328 3206 sotis

287 3251 409 3325 aperte,
443 3243 531 3307 deum
559 3243 696 3308 bomines
728 3245 834 3326 impios
859 3245 1102 3325 praedestinasse
1121 3245 1188 3308 idos
1210 3245 1328 3326 quidem

285 3343 323 3406 ad
345 3350 487 3423 ,mortem
508 3345 749 3424 sempiternam‘,
772 3361 831 3406 neo
852 3344 995 3421 votuisse,
1028 3350 1060 3406 ut
1082 3346 1242 3428 ,perpetim
1264 3341 1329 3406 sai-

284 3449 408 3506 veotur“
429 3479 481 3520 —-,
504 3443 559 3505 sed
585 3449 724 3524 ,propter
744 3445 875 3523 ipsorum
897 3443 974 3505 matu
995 3445 1130 3521 mertum,
1154 3443 1224 3507 ideo
1245 3442 1326 3526 quod

334 3687 364 3752 7)
386 3688 418 3738 ci.
440 3701 498 3754 cap.
520 3685 546 3747 5,
564 3701 622 3754 cap.
643 3684 685 3748 21,
705 3699 764 3752 cop·
782 3681 826 3742 24.
847 3699 904 3752 cap.
925 3683 969 3736 27.

335 3793 365 3858 8)
387 3790 446 3860 ipsu
468 3787 638 3841 Gotbcaeaici
659 3787 750 3850 verba,
770 3805 828 3840 cum
848 3787 977 3839 brevitati
996 3787 1228 3858 aliquiddandunv
1242 3793 1325 3850 earet,

383 3877 534 3929 describere
557 3875 701 3928 noluimus.
739 3875 862 3928 Ceterum
886 3877 968 3930 etiam
986 3875 1058 3947 apud
1080 3874 1167 3928 deut.
1187 3875 1262 3926 dies.
1283 3889 1326 3924 re-

382 3965 532 4036 periuntur.
569 3962 612 4014 ct.
640 3961 700 4014 Nat.
732 3963 807 4016 diea-
838 3965 867 4018 in
891 3963 954 4018 turc
981 3963 1075 4018 eccles.
1103 3979 1172 4015 auec.
1200 3961 1233 4014 tx
1252 3959 1323 4012 etx

382 4051 444 4104 diss.
465 4051 496 4112 V,
517 4049 536 4121 ς.
556 4047 601 4101 ΙΙΙ.
