2938 4716
1125 327 1161 387 tl

139 512 261 583 mulum,
293 517 419 582 euntque
452 501 578 562 maximo
608 499 796 580 perspicuum
828 499 887 563 huc
917 511 1167 583 apponemus³⁵J=

136 608 206 686 „llic
236 604 399 684 (Erigona)
429 602 533 694 relicta
564 599 658 679 patria
689 601 752 676 (in)
784 599 939 662 Franciam
970 605 1008 664 ad
1030 605 1167 668 Carulurn

138 708 250 771 Calvum
264 707 356 780 venit,
375 722 392 765 a
409 719 467 782 quo
484 718 592 782 magna
606 701 781 782 dignatione
793 707 961 782 susceptus,
983 703 1168 772 familiarium

138 810 256 890 partium
275 805 450 879 habebatur,
472 802 714 882 transigebatque
735 819 802 864 cum
821 818 860 863 oo
882 808 940 864 lam
959 803 1051 881 seria,
1082 822 1168 885 quam

140 911 210 986 ioca,
288 908 356 988 quia
369 902 511 970 miraculo
526 901 672 963 scientiae
683 902 747 962 eius
763 919 818 963 rex
835 908 938 982 euplus
1005 911 1171 966 essct.“-

217 1009 249 1072 si
269 1009 360 1088 igitur
381 1005 549 1067 accuratius
570 1001 687 1064 tandem
704 1017 782 1077 eum,
804 1019 892 1084 quom
910 1004 1089 1082 quaerimus,
1111 1022 1171 1068 an-

140 1125 201 1170 num
232 1109 415 1170 constituere
454 1102 593 1180 volimus,
634 1100 710 1164 haec
753 1102 811 1165 sint
851 1103 1058 1166 observanda:
1105 1109 1170 1186 pri-

140 1225 220 1284 murn,
250 1204 368 1268 ostendi
389 1203 486 1284 potius
507 1219 609 1282 posse,
629 1200 800 1282 Erigonam,
834 1203 889 1264 etsi
912 1203 966 1268 sub
989 1203 1077 1266 linem
1098 1209 1169 1270 anni

141 1305 344 1370 ucccuxxll.
366 1304 465 1369 adhuc
485 1303 571 1377 vixit,
602 1307 700 1362 lamen
730 1308 800 1364 anto
826 1319 933 1366 annum
955 1304 1170 1372 DCCCLXXV.

141 1414 278 1470 mortuum
308 1423 396 1482 osse,
432 1422 520 1484 quarn
548 1421 614 1466 eum
645 1406 712 1481 post
743 1400 823 1463 huno
853 1404 946 1482 ipsum
981 1421 1088 1468 aunum
1121 1408 1170 1469 vi-

139 1507 230 1583 xisse3
267 1506 398 1581 deinde,
441 1522 509 1566 oum
547 1503 668 1564 circiter
705 1519 814 1564 annum
847 1502 1030 1574 DCCCXLV.
1069 1506 1169 1572 adulta

141 1607 193 1678 iam
211 1607 305 1670 luisse
327 1610 424 1668 aetate
446 1611 534 1685 alque
556 1603 592 1666 ab
615 1603 696 1664 omni
726 1602 881 1666 doctrinae
911 1621 1025 1685 genero
1056 1609 1171 1673 instru-

140 1715 219 1769 ctum.
257 1693 311 1755 -’
330 1707 427 1786 Atque
459 1704 544 1781 hinc,
593 1705 661 1767 dum
695 1703 809 1766 illorum
845 1711 1027 1785 temporum,
1065 1711 1170 1791 quihus

139 1807 211 1869 lraud
243 1807 332 1868 lacilo
366 1811 436 1868 ante
468 1805 649 1867 tricesimum
676 1805 754 1866 ritae
776 1822 883 1868 annum
903 1807 1057 1887 quisquam
1081 1811 1169 1876 talem

139 1907 191 1970 sibi
213 1908 367 1972 doctrinae
388 1906 514 1988 gloriam
536 1923 643 1988 parare
662 1907 764 1986 potuit,
787 1908 933 1970 rationem
949 1907 1100 1987 habueris,
1122 1911 1172 1972 la-

140 2008 192 2069 cile
214 2008 369 2070 nobiscum
386 2007 521 2088 colliges,
544 2011 643 2068 nalum
663 2003 757 2068 videri
777 2005 938 2088 Erigonam
962 2011 1039 2072 inter
1060 2011 1169 2076 0000.

140 2115 169 2170 el
190 2108 348 2172 ucccxv.
370 2108 434 2170 lero
456 2125 483 2187 p.
506 2107 574 2169 Chr.
598 2114 658 2170 nat.
680 2123 786 2168 annos.

218 2210 325 2272 l'erum
347 2215 494 2288 utcunque
516 2225 566 2270 res
588 2219 621 2268 so
643 2207 744 2285 habel,
765 2207 823 2270 lroc
843 2215 925 2272 certe
944 2227 1004 2274 nan
1022 2229 1171 2290 veremur,
1259 2203 1261 2206 ’

140 2325 175 2370 ne
196 2312 259 2390 quis
284 2310 372 2372 nobis
393 2313 523 2388 opponat
544 2307 816 2370 Staudenmaierum
842 2326 985 2390 eumque,
1014 2313 1063 2390 qui
1091 2311 1169 2374 hunc

138 2399 253 2473 secutus‘
275 2415 336 2483 est,
357 2409 558 2472 Schlueterum
572 2395 644 2484 ³⁶),
663 2409 711 2488 qui
737 2407 897 2488 Erigonam
920 2411 1040 2474 circiter
1060 2430 1169 2474 annum

139 2509 363 2574 dcccxxviii.
400 2516 499 2572 natum
522 2526 590 2570 esse
620 2507 741 2586 volunt,
778 2510 823 2572 iris
852 2511 899 2572 usi
932 2512 1096 2578 rationibus
1111 2515 1169 2591 ὅθι

140 2613 282 2688 „circitor
312 2627 419 2672 annum
455 2607 624 2671 DCCCLlll.
660 2608 743 2690 Erig.
773 2610 830 2672 iam
864 2609 1037 2673 samosatis
1061 2629 1170 2693 magna

139 2713 321 2775 excellebat*
344 2719 397 2786 (-
418 2709 561 2786 vidimus,
594 2707 653 2770 hoc
678 2709 733 2789 ipsi
762 2710 819 2772 iam
845 2708 975 2790 pluribus
996 2713 1083 2774 annis
1101 2719 1171 2774 anto

140 2830 333 2876 ecmannum
359 2811 523 2891 contigisse
547 2819 621 2884 -Jz
642 2809 772 2890 „scripta
793 2810 859 2872 eius
881 2811 1037 2873 iuvenilem
1060 2813 1173 2892 spirant

140 2912 224 2974 animi
245 2909 410 2974 ardorem*
434 2921 490 2983 (-
514 2907 582 2970 talia
603 2915 776 2990 argumenta
798 2910 855 2972 iam
876 2927 931 2990 por
951 2928 985 2972 se
1011 2911 1172 2976 admodum

140 3028 204 3073 esso
231 3012 331 3074 solent
364 3009 493 3072 inlrrrna:
530 3013 705 3089 praetcrea,
741 3011 766 3070 si
805 3008 978 3086 Hockio³⁸l
1014 3011 1173 3089 credimus,

140 3114 235 3174 omnia
259 3112 316 3173 alia
337 3111 501 3172 invenimus
522 3118 599 3183 -):
636 3109 756 3188 „itaquo
778 3109 982 3186 conlidenler,
1013 3109 1174 3193 Erigonam

139 3211 198 3287 illo,
222 3213 260 3274 de
284 3229 342 3292 quo
364 3211 501 3285 diximus,
521 3215 664 3287 ternpore,
683 3210 855 3273 vicesimum
877 3210 1007 3291 quinium
1024 3212 1102 3275 vilae
1116 3230 1174 3274 an·

141 3329 204 3374 num
226 3314 339 3395 egisse,
363 3313 449 3374 statui
470 3315 599 3392 potest.“

141 3432 469 3446 mm*

170 3479 217 3546 35)
235 3480 269 3529 el.
291 3481 366 3530 Gale.
389 3479 407 3528 l.
425 3480 442 3529 Ι.
460 3497 486 3549 p.
506 3477 530 3529 7.
552 3507 584 3520 -··

171 3567 217 3634 ed)
235 3569 270 3619 cl.
293 3569 351 3618 eius
373 3568 478 3624 librum,
498 3581 577 3635 quem
597 3581 655 3633 sup.
674 3572 730 3616 not.
752 3563 783 3615 16
802 3563 975 3628 larrrlarinrur,
994 3583 1019 3635 p.
1040 3567 1086 3618 tit.

171 3653 217 3722 37)
235 3655 271 3710 cf.
290 3652 494 3706 Steudeumaier
515 3652 570 3704 lob.
583 3653 653 3702 Scor.
665 3651 776 3717 Erigone
791 3651 843 3704 und
854 3653 898 3703 die
910 3653 1104 3705 Wisrenrclrult
1120 3653 1173 3704 sai·

234 3761 284 3796 uer
301 3743 364 3794 zen.
404 3741 492 3793 Errler
513 3740 535 3791 Τ
537 3739 600 3790 hell.
640 3738 783 3791 Fraulrt‘urt
801 3757 824 3791 a.
845 3740 882 3793 td.
903 3740 978 3794 ¹834.
998 3740 1089 3810 p.126
1107 3756 1175 3811 req..

234 3830 282 3882 ubi
304 3839 390 3882 umen
409 3829 436 3878 iu
454 3829 506 3878 ima
525 3843 583 3896 pag.
598 3824 655 3888 ted,
675 3836 704 3879 ut
718 3844 750 3878 es
765 3827 807 3889 iia,
827 3845 895 3899 quae
907 3837 1065 3900 sequuntur,
1085 3837 1171 3898 pulei,

234 3933 284 3988 pro
304 3915 354 3968 853
376 3913 503 3967 mendose
523 3916 648 3982 scriptum
670 3921 709 3966 erl
726 3913 785 3966 858.

173 4003 219 4071 38)
239 4003 274 4054 cl‘.
291 4003 388 4055 librum
409 4011 472 4056 nota
491 4000 533 4054 24.
555 4001 657 4054 laudat.

526 4093 635 4103 ,.....-.
642 4093 804 4105 ...ψα-
