2934 4710
1156 375 1214 440 107

168 541 249 606 nita
266 541 385 605 ommno
407 559 448 605 ea
475 539 563 605 tibris
583 541 620 606 de
646 541 794 606 divisium
811 549 943 608 nemeae
965 563 1060 628 perae
1078 553 1211 632 anquiri,

168 644 255 725 quaed
286 643 326 707 ab
357 643 409 706 iiio
434 643 633 724 paradeum,
654 661 741 724 quun
761 645 972 726 medeam,
993 650 1074 729 quod
1092 659 1212 735 aarum,

166 753 302 827 system
326 745 477 825 exprimit,
494 745 580 825 ipsos
600 745 728 812 titerom
747 759 841 828 passe
860 745 1002 833 declaret.

639 921 670 991 §.
690 913 744 978 tt.

256 1045 452 1108 Nihilominus
472 1044 665 1110 Sehtueterus
690 1053 734 1128 (p.
758 1045 824 1110 xtv
844 1057 946 1130 seqq.)
978 1047 1132 1110 invenisse
1154 1049 1212 1114 sibi

166 1141 298 1222 videtur,
319 1163 396 1226 quae
418 1145 534 1208 itionum
564 1145 707 1209 librorum
729 1146 895 1210 doctrinam
917 1149 1102 1229 pantheismo
1124 1148 1212 1229 piane

167 1245 339 1310 absolvant.
395 1245 510 1328 Pugnat
540 1254 639 1309 autem
662 1245 713 1310 illo
741 1247 812 1310 loeo
839 1249 987 1310 adversus
1007 1249 1211 1328 Goerresium,

171 1348 224 1409 eui
245 1345 323 1408 hano
344 1346 446 1409 tribuit
464 1347 660 1412 sententiam:
684 1347 822 1427 „Scotum
844 1348 1049 1431 Areopagitae
1069 1350 1153 1412 ideas
1173 1367 1212 1414 ao

165 1448 313 1510 notiones
335 1445 523 1509 evolventem
551 1447 734 1510 necessitate
763 1445 890 1528 quadmn
912 1455 999 1511 vetus
1032 1449 1210 1530 pantheisni

163 1547 335 1628 perieulum
368 1547 548 1622 incurrisse,
581 1547 631 1628 qui
652 1549 684 1610 iu
704 1539 830 1628 scriptis‘
841 1549 1045 1630 Areopagitae
1068 1595 1076 1614 .
1102 1595 1139 1611 ..
1162 1548 1209 1610 ta·

164 1648 267 1710 tuerit.
291 1685 328 1698 -
351 1647 491 1710 Naturam
516 1653 646 1708 creatam
671 1655 823 1710 creantem
847 1665 917 1710 esse
946 1645 1052 1728 λόγον,
1080 1649 1209 1712 medium

163 1746 284 1810 scilieet
315 1747 395 1807 inter
424 1763 487 1808 non
522 1753 653 1808 creatam
691 1753 843 1810 creantem
868 1748 1002 1823 sinemo)
1026 1753 1056 1809 et
1077 1755 1208 1811 creatam

163 1864 229 1910 non
252 1852 404 1909 creantem
428 1847 633 1924 (creaturam)
662 1849 800 1927 positum.
851 1845 954 1928 ltaque
984 1846 1071 1909 deum
1099 1849 1208 1912 trinum

165 1964 240 2011 sese
269 1947 363 2010 Sooto
397 1964 463 2009 eum
495 1953 632 2010 creatura
660 1948 829 2011 miscuisse.
860 1983 900 1999 -
931 1949 1087 2010 creantem
1109 1955 1207 2011 autern

163 2049 265 2111 creari
286 2055 420 2109 naturam
442 2048 512 2109 ideo
535 2049 572 2109 ab
595 2047 727 2130 Erigone
753 2047 877 2130 doceri,
910 2048 977 2127 quia
998 2049 1080 2111 Deus
1099 2065 1208 2129 super·

163 2148 337 2212 essentialis
359 2155 391 2210 et
423 2147 702 2230 superqualitativus
732 2148 801 2211 dum
821 2165 860 2210 an
882 2150 1056 2212 aonomasia
1078 2149 1108 2210 ia
1129 2165 1207 2230 pan-

161 2250 362 2312 tonomasiam
383 2267 437 2330 per
458 2249 656 2330 theophanias
680 2251 766 2330 quasi
787 2249 943 2330 procedat,
958 2267 1012 2330 per
1033 2249 1111 2312 hane
1133 2265 1207 2331 pro·

161 2355 335 2413 cessionem
373 2357 535 2430 (quatenus
564 2367 619 2431 per
651 2349 796 2418 ideas..
822 2367 921 2412 .sese
952 2350 1097 2431 explicet)
1129 2367 1205 2432 quo-

161 2450 325 2515 dammodo
349 2451 449 2513 omnia
471 2451 502 2513 in
526 2449 664 2512 omnibus
687 2449 822 2534 lietu).ii
844 2485 886 2500 -

264 2551 455 2613 Adiioiuntur
487 2549 534 2612 tris
573 2551 644 2630 ipsis
677 2548 819 2611 nonnulla
840 2566 880 2611 ex
902 2547 1064 2612 Goerresio
1090 2548 1128 2611 de
1149 2563 1204 2610 ra-

162 2650 226 2712 ditu
248 2652 377 2712 omnium
398 2666 496 2714 rerum
518 2650 550 2710 in
570 2649 679 2726 deum;
701 2667 777 2730 quaa
801 2651 931 2730 quidem,
952 2667 1039 2730 quum
1056 2649 1114 2710 hoe
1133 2649 1203 2710 loeo

161 2749 272 2814 nullius
292 2751 351 2812 sint
370 2750 523 2824 momenti,
543 2748 808 2830 praetermittenda
831 2767 900 2811 esse
923 2751 1166 2812 existimavimus.

247 2848 366 2912 Deinde
388 2848 579 2912 Sehiueterus
601 2855 691 2912 totam
706 2849 784 2911 hane
804 2847 957 2913 Goerresii
978 2850 1201 2912 accusationem

157 2949 209 3012 his
246 2949 347 3011 uerbis
376 2947 602 3030 comprehendit
636 2957 680 3031 (p.
712 2947 821 3025 XVI.):
844 2947 1026 3030 „tErigenaJ
1045 2947 1202 3029 pontheis-

156 3069 241 3115 mum
270 3049 427 3130 profitetur
461 3065 548 3129 quarn
579 3045 685 3129 λόγον,
716 3048 810 3112 Deum
840 3049 947 3132 filium,
973 3053 1201 3113 emanantema

85 3177 89 3192 ·
155 3155 259 3230 patre,
279 3152 446 3210 creaturam
470 3148 565 3228 patris
585 3165 656 3210 esse
679 3145 836 3211 affirmet.“
858 3183 895 3196 -

623 3321 652 3390 ς.
684 3312 735 3377 45.

240 3445 306 3509 itae
333 3451 430 3509 autern
459 3453 547 3530 paeto
578 3447 756 3530 depravatus
777 3453 866 3531 atque
887 3445 1036 3511 mutilatus
1058 3443 1197 3510 Goerre-

149 3624 419 3636 -—-·—---

185 3723 235 3792 28)
261 3723 301 3774 Ex
321 3722 455 3776 Goerreaii
466 3723 598 3776 sententia
616 3722 789 3776 Schlueterus
807 3720 858 3774 hoe
873 3721 990 3782 tadhere
1002 3721 1109 3775 debuit:
1124 3723 1196 3788 „Nu-

262 3818 347 3862 taram
369 3819 485 3862 erenum
507 3819 642 3864 creantem
662 3809 747 3881 λόγον
765 3827 822 3862 esse
840 3808 901 3861 ideo
912 3808 946 3860 ab
966 3810 1078 3877 dirigente
1097 3809 1196 3872 doceri,

260 3896 336 3968 quod
357 3897 470 3966 Erigeua
488 3897 624 3962 docuerit,
652 3897 731 3950 eleum
752 3913 783 3948 ex
803 3899 956 3948 eonomasiu
974 3898 1001 3948 in
1020 3906 1198 3966 pantonome-

260 3985 326 4035 siam
353 4001 402 4053 prr
431 3985 607 4055 theophaniae
623 3983 778 4056 procedere,
796 4001 846 4034 nee
863 4001 918 4036 uon
939 3983 991 4034 dici
1007 3999 1097 4054 posse,
1115 3983 1195 4036 deum

261 4089 310 4142 per
326 4071 396 4150 nane
414 4075 613 4144 processionem
634 4079 739 4138 „semet
759 4073 844 4143 iprum
866 4079 985 4126 creare.“
1004 4101 1038 4112 -
