2944 4714
592 291 747 383 Q

125 473 314 562 Augustini,
337 479 368 540 et
388 475 493 560 Campi
516 477 619 542 Sancti
649 477 934 546 confraternitatum
962 479 1101 564 ejusdem
1123 481 1215 548 Urbis

124 585 182 655 pro
201 571 338 648 tempore
355 563 569 643 existentibus,
595 564 778 648 illarumque
803 569 840 631 ad
858 570 962 632 Reate
978 570 1082 634 blarire
1097 570 1136 634 dc
1153 571 1216 636 Po-

125 653 211 736 pulo,
228 655 318 715 ctiam
334 650 372 716 de
388 652 465 715 urhe
481 651 648 730 Ecclesias,
664 672 700 716 ac
712 653 826 718 Christi
843 654 983 720 fidelihus
1000 658 1068 722 illas
1081 659 1215 722 visitan-

127 741 219 819 tibus,
242 757 297 820 per
313 757 523 822 quoscumque
539 741 693 805 Romanos
709 743 872 822 pontifices
889 743 1137 824 praedecessores
1153 765 1216 810 no-

127 835 206 892 stros
228 834 259 890 et
274 829 478 892 successores
501 830 657 892 concessis
685 836 715 891 et
737 831 958 905 concedendis,
982 838 1014 894 et
1039 833 1147 913 quihus
1170 833 1215 898 illl

128 921 264 992 utuntur,
280 915 450 995 potiuntur,
466 921 497 977 et
511 916 658 998 gaudem,
674 918 767 993 acuti,
783 919 896 999 poteri,
922 924 953 981 et
968 920 1105 1002 gaudere
1121 929 1216 1003 pote-

126 1010 199 1066 runt
215 999 447 1082 quomodolibet
462 1003 492 1065 in
509 1003 643 1066 futurum
662 1001 810 1084 (quorum
828 1011 954 1083 tenore3
971 1024 1007 1067 ac
1021 1007 1048 1070 si
1065 1007 1103 1070 de
1116 1008 1213 1072 vcrho

127 1090 308 1152 adverbum
326 1091 536 1153 insererentur
550 1089 766 1172 presentibus,
784 1110 840 1172 pro
856 1095 1013 1174 expressis
1030 1093 1135 1158 haberi
1151 1112 1215 1157 vo-

128 1177 259 1251 lumus),
275 1195 315 1239 ex
331 1193 424 1253 nunc,
441 1183 471 1239 et
487 1179 516 1240 in
541 1185 722 1259 perpetuum
739 1185 874 1256 utantur,
897 1181 1064 1260 potiantur,
1089 1192 1119 1244 et
1135 1199 1216 1266 gau-

130 1264 231 1342 deant,
247 1281 282 1326 ao
297 1263 351 1340 uti,
376 1265 470 1344 potiri
487 1271 517 1328 et
533 1265 669 1347 gaudere
686 1263 786 1327 libere
810 1273 842 1329 ct
856 1266 941 1329 licite
956 1267 1079 1330 valeant
1096 1271 1126 1332 in
1144 1288 1216 1335 orn-

130 1351 219 1413 nibus
242 1357 273 1413 ct
292 1369 349 1432 per
365 1352 478 1428 omnia,
505 1353 638 1434 proinde
660 1370 696 1414 ac
717 1353 744 1416 si
762 1351 813 1416 illa
834 1353 879 1416 eis
900 1353 1078 1435 specialiter
1100 1365 1131 1420 ct
1154 1375 1215 1420 ex-

132 1457 237 1520 presse
253 1455 400 1503 concessa
416 1438 555 1518 inissent,
572 1447 603 1502 ct
620 1441 652 1503 in
669 1439 805 1504 futurum
822 1441 1079 1524 concederentur,
1100 1463 1216 1508 conce-

129 1525 227 1589 dimus
244 1534 275 1588 ct
289 1524 497 1608 indulgemus.

215 1613 346 1694 ipsaque
359 1613 532 1696 privilegia,
549 1611 717 1692 etindulta,
735 1615 959 1697 exemptiones,
975 1616 1217 1697 libertates‚im-

129 1699 305 1774 munitates,
330 1699 537 1784 indulgentias
555 1701 645 1763 etiam
662 1700 818 1782 plenarias
840 1721 875 1766 ac
891 1711 1086 1784 peccatorum
1103 1707 1217 1769 romis-

130 1789 244 1864 sioncs‚
272 1793 303 1849 et
318 1787 393 1852 alias
410 1789 524 1871 gratias
541 1785 577 1850 ad
595 1787 767 1853 confratres
794 1791 1056 1855 confraternitatis
1083 1797 1218 1856 sanctis-

129 1875 198 1938 sinii
216 1877 356 1955 corporis
374 1875 485 1940 Christi
501 1872 677 1956 hujusmodi
693 1895 729 1940 ac
744 1877 828 1941 illius
844 1877 1032 1960 capellanos,
1048 1879 1217 1959 ministros,

129 1969 159 2025 et
175 1980 324 2044 personas
341 1981 397 2046 pro
413 1970 552 2045 tempore
569 1964 748 2042 existentes,
774 1965 888 2030 eisdem
916 1967 1098 2030 auctoritate
1119 1973 1150 2030 et
1164 1975 1217 2030 te-

128 2067 217 2128 nore,
233 2050 439 2128 extendimus,
465 2058 496 2115 et
511 2053 557 2114 eis
574 2053 845 2130 communicamus,
867 2071 989 2116 necnon
1006 2051 1121 2116 Christi
1137 2053 1218 2117 hde-

127 2137 208 2202 lihus
225 2140 371 2218 prefatis,
388 2139 440 2220 qui
456 2139 567 2203 dictam
583 2139 1079 2206 confraternitatemSacratissimi
1092 2141 1219 2223 Carpo:

127 2226 171 2288 ris
183 2225 308 2304 Christi,
324 2226 548 2310 ingredientur,
564 2225 616 2290 die
627 2226 749 2292 illorum
763 2230 924 2312 ingressus
940 2228 1127 2308 hujusmodi,
1144 2229 1216 2312 ple-

127 2314 248 2376 narium
267 2313 303 2377 ad
321 2314 416 2377 instar
426 2315 556 2394 jubilaei,
582 2333 636 2379 acc
653 2333 741 2380 orum
757 2318 890 2398 peccatis
907 2319 992 2398 prius
1009 2315 1171 2395 confessis,
1188 2323 1220 2380 et

128 2402 329 2470 Sacramenta
345 2402 522 2486 hujusmodi
537 2421 593 2484 per
609 2421 664 2467 eos
680 2403 793 2469 devote
807 2413 946 2488 recepto,
969 2411 1016 2468 ter
1040 2405 1071 2466 in
1092 2406 1155 2466 vita
1171 2405 1219 2467 si-

128 2489 243 2552 militer
258 2491 426 2570 plenariam
443 2493 578 2554 omnium
595 2500 791 2572 peccatorum
814 2505 953 2573 suorum,
976 2491 1114 2574 ipsisque
1137 2511 1218 2557 con-

127 2579 287 2660 fratribus,
314 2581 365 2662 qui
390 2580 548 2660 prefatum
564 2579 794 2644 Sacramentum
820 2580 937 2645 eisdem
966 2581 997 2643 in
1013 2579 1109 2644 firmis
1124 2579 1220 2642 mini-

127 2669 288 2733 strandum
305 2669 540 2745 associaverint,
561 2687 616 2732 scu
639 2668 779 2750 impediti
803 2669 967 2748 associari,
991 2675 1024 2733 ut
1046 2667 1220 2748 prefertur,

127 2758 284 2820 celebrari
306 2757 407 2820 lacere
432 2757 597 2839 contigerit
619 2755 828 2838 interfuerint,
856 2758 999 2840 quotiens
1027 2755 1058 2818 id
1079 2756 1220 2836 fecerint,

128 2851 264 2908 centum.

218 2932 278 3007 Qui
293 2951 368 2998 vcro
386 2932 667 2997 dictamccclesiam
683 2932 722 2995 de
734 2931 874 2996 Minerva
890 2930 1001 2994 diebus
1016 2931 1143 2993 veneris
1160 2949 1219 2994 cu-

124 3017 255 3101 juslibet
279 3020 478 3086 hebdomade
507 3023 599 3086 totius
626 3021 720 3100 anni,
747 3019 861 3085 devote
883 3019 1089 3093 visitaverint,
1113 3017 1220 3082 decem

128 3125 293 3186 annorum,
310 3117 341 3173 et
356 3109 482 3174 totidem
499 3109 764 3194 quadragenarum
781 3109 826 3173 eis
843 3108 1047 3190 injunctarum
1059 3108 1220 3187 preniten-

128 3198 241 3259 tiarum
259 3197 465 3280 indulgentias
482 3205 513 3262 et
527 3199 739 3275 remissiones,
764 3197 887 3280 quoties
904 3194 934 3259 id
951 3193 1093 3274 fecerint,
1123 3195 1221 3257 misc-

128 3285 298 3348 ricorditcr
313 3287 344 3349 in
361 3285 494 3352 Domino
511 3285 722 3364 concedimus,
739 3291 770 3349 et
786 3284 963 3366 elargimur.

218 3371 345 3437 Necnon
362 3373 540 3438 mulieribus
553 3372 690 3456 ejusdem
708 3373 981 3449 confraternitatis,
998 3369 1109 3453 quihus
1121 3386 1222 3452 prop-

129 3465 177 3523 ter
199 3460 392 3526 honestatem
415 3481 478 3526 non
500 3463 573 3526 licet
594 3480 651 3544 per
665 3461 776 3525 Urbem
799 3463 894 3541 ipsam
917 3459 1028 3541 passim
1053 3457 1171 3540 vagari,
1194 3457 1222 3522 si

131 3549 278 3629 quotiens
294 3550 415 3630 signum
434 3549 596 3632 Campanae
622 3548 799 3628 huiusmodi
819 3547 972 3612 audierint
986 3543 1083 3609 semel
1100 3545 1222 3610 oratio-

131 3653 202 3698 nem
219 3638 421 3714 Dominicam,
454 3645 484 3700 et
500 3639 591 3703 toties
607 3637 822 3701 salutationem
848 3633 1029 3718 angelicam,
1054 3633 1144 3696 flexis
1160 3651 1221 3715 ge-

131 3724 223 3786 nibus
240 3722 353 3789 devote
369 3723 579 3804 recitaverint,
604 3732 638 3788 ut
654 3744 772 3802 omnes,
796 3731 827 3787 et
845 3724 985 3804 singulas
1001 3719 1221 3804 indulgentias,

132 3813 363 3889 concessiones,
381 3801 412 3876 'ct
427 3813 551 3893 gratias,
567 3811 635 3876 aliis
652 3813 857 3876 confratribus
874 3809 1129 3874 interessentihus
1140 3827 1221 3873 con-

133 3915 250 3976 cessas,
266 3907 507 3984 consequantur,
523 3907 554 3965 et
570 3903 719 3983 consequi
736 3901 867 3964 valeant.

221 3987 268 4051 Ac
284 3989 398 4052 eisdem
426 3991 589 4072 utriusque
613 4007 707 4053 sexus
724 3987 942 4063 confratribus,
967 3991 999 4049 cl
1023 4001 1130 4050 eorum
1152 3987 1221 4050 sin-

133 4074 227 4156 gulis,
251 4083 284 4139 ut
311 4095 533 4160 quemcumque
549 4077 770 4158 presbyterum
795 4073 985 4152 saecularem,
1011 4073 1060 4138 vel
1084 4073 1221 4156 qu'usvia

134 4162 253 4226 ordinis
270 4164 454 4246 regularem,
477 4167 567 4230 etiam
584 4167 615 4230 in
632 4165 741 4229 mortis
757 4162 899 4242 articulo,
921 4163 1040 4228 etiamsi
1057 4179 1140 4226 mors
1157 4177 1220 4224 uon

133 4247 349 4336 subsequatur,
366 4254 398 4320 in
413 4273 501 4318 suum
518 4255 639 4342 possint
655 4251 772 4336 eligere
789 4251 1014 4331 confessorem,
1041 4251 1093 4334 qui
1110 4267 1219 4316 corum
