2940 4710
670 271 879 376 ..Λιι-

226 443 345 502 manne,
362 420 447 486 nulla
464 419 603 486 dirinaes
625 423 801 486 hnmanitas
816 427 930 509 quippe
946 423 1045 508 prima
1060 423 1091 485 in
1108 425 1231 503 activis,
1246 422 1323 487 diri-

225 533 308 593 nltas
329 529 463 593 secunda
476 531 507 590 in
527 527 737 612 speculativis.
759 530 830 590 Fiet
848 531 908 591 hoc
922 550 989 591 mea
1006 530 1323 611 pusilanimitate,rc-

226 642 291 700 stra
302 641 442 698 cessante
451 638 710 716 magnanimitate.
724 635 867 706 (iliasson
881 658 913 720 p·
934 637 954 699 8
971 642 1003 697 et
1018 639 1037 700 9
1053 634 1164 699 adnot.
1174 639 1204 715 1,
1213 635 1319 720 pso.)

308 742 435 826 spos.
452 735 731 812 (Adiialmundum
740 741 925 804 Monachum
933 740 1191 816 hurllacenscm.)
1200 745 1320 822 Quanto

113 924 115 934 Ι
224 867 328 912 amore
342 850 437 910 vestri
454 855 631 926 teneamur,
653 855 804 909 noverant
819 847 924 910 Latini
951 869 988 910 ac
1014 849 1157 927 barbari,
1179 850 1322 929 quisunt

121 941 124 947 “
221 957 391 1038 participes
412 955 531 1018 fructus
546 955 646 1016 nostri
661 953 795 1028 laboris3
817 973 921 1015 corum
937 947 1041 1016 votu'm
1054 960 1187 1016 vestram
1205 957 1321 1038 expetit

177 1067 183 1074 ’
223 1064 440 1144 praesentiam.
457 1063 579 1143 Quippe
597 1079 665 1120 cnm
680 1062 712 1121 in
732 1061 895 1141 propatulo
912 1062 964 1138 sit,
989 1079 1046 1120 nos
1062 1059 1322 1140 curarumplenoa

220 1188 281 1230 non
305 1170 343 1228 ob
363 1166 491 1228 alterius
526 1185 650 1228 causam
682 1165 780 1228 studii
801 1165 869 1227 loco
894 1167 1128 1244 immoraturos,
1158 1166 1207 1230 his
1234 1168 1317 1228 curis

221 1273 287 1337 sola
300 1271 498 1354 Philosophia
514 1275 639 1333 unicum
653 1279 810 1353 repertum
824 1279 872 1334 cst
886 1270 1066 1347 remedium,
1084 1274 1172 1352 cujus
1190 1271 1315 1351 quidem

220 1399 257 1439 er
275 1377 388 1440 studiis
406 1378 508 1440 multa'
517 1397 666 1462 persaepe
682 1377 839 1440 commoda
855 1379 1060 1459 suscepimus,
1078 1374 1161 1437 velut
1174 1376 1234 1437 hoc
1251 1383 1317 1437 tur-

219 1482 346 1544 bulento
371 1488 509 1564 ternpore
534 1492 651 1548 motam
675 1484 817 1546 fortunae
837 1485 1041 1565 refregimus,
1071 1501 1141 1542 cum
1166 1482 1197 1542 in
1224 1480 1315 1559 aiios,

218 1594 285 1650 tum
300 1591 331 1650 in
345 1609 403 1652 nos
421 1573 558 1670 {rariter
574 1591 749 1652 saevientis.
770 1591 893 1653 Etenim
909 1609 979 1653 cum
995 1591 1024 1650 is
1040 1593 1141 1650 statns
1155 1588 1317 1672 Reipubli-

219 1715 273 1756 cae
292 1697 324 1758 in
341 1694 429 1759 italia
444 1703 545 1776 esset,
559 1699 606 1758 uti
626 1697 769 1779 subjuga
785 1704 985 1777 tyrannorum
992 1695 1127 1775 turpiter
1143 1702 1227 1758 esset
1240 1715 1317 1758 cun·

219 1799 302 1881 darm,
317 1804 344 1865 si
359 1805 574 1884 profiteremur
586 1804 811 1880 innocentiam,
827 1803 902 1864 etsi
919 1802 978 1863 niti
989 1801 1106 1862 viribus
1114 1806 1316 1883 tentaremus,

218 1907 381 1972 clientelae
402 1908 537 1990 undique
563 1909 665 1970 iorent
685 1908 915 1992 procurandae,
937 1911 1039 1968 castra
1062 1907 1247 1986 munienda,
1266 1929 1318 1972 ra·
1392 1897 1400 1908 ’

219 2017 322 2098 pinae,
344 2015 496 2095 incendia,
513 2016 680 2079 homicidia
696 2013 874 2078 exercenda.
895 2011 1072 2093 Delegimus
1087 2019 1205 2076 certum
1217 2017 1315 2077 otium

220 2120 412 2200 studiorum,
448 2141 538 2204 quam
562 2123 713 2182 incertum
739 2121 894 2201 negotium
916 2115 1087 2197 beliorum,
1114 2127 1147 2182 et
1172 2123 1316 2202 quoniam

217 2231 348 2308 vestigia
363 2228 595 2310 Philosophiae,
615 2225 688 2289 dum
704 2227 873 2308 sequimur,
888 2245 951 2290 non
970 2229 1196 2310 consequimur,
1215 2229 1314 2310 impe-

217 2337 269 2395 tus
287 2333 504 2396 tumultuantis
523 2335 616 2394 animi
633 2351 694 2394 non
708 2351 813 2394 omnes
830 2335 1047 2413 repressimus,
1067 2331 1158 2395 modo
1176 2334 1314 2395 recurri·

217 2457 286 2500 mus
308 2440 346 2500 ad
372 2460 430 2521 ea,
452 2461 531 2522 quac
558 2438 758 2520 reliquimus,
779 2457 861 2499 nunc
879 2439 1047 2522 Hispaniae
1071 2439 1230 2523 principes
1249 2435 1316 2500 adi-

218 2563 288 2606 mus
311 2545 475 2610 familiaris
500 2548 601 2609 nostri
617 2546 746 2608 Abbatis
771 2543 901 2621 Guarini
924 2545 1139 2609 adhortatione
1160 2545 1318 2622 commoti,

215 2667 298 2709 nrrnc
314 2652 412 2714 sacris
428 2649 545 2714 litteris
555 2653 703 2714 Dominae
718 2650 1090 2734 nostrae'lheophaniae,
1105 2651 1316 2735 imperatricis

215 2773 339 2838 semper
354 2757 529 2837 Augustae,
552 2777 674 2841 sempor
690 2755 857 2834 amandae,
879 2777 1000 2840 semper
1021 2757 1178 2835 colendae,
1197 2757 1313 2839 priori-

215 2861 278 2964 iruq
301 2859 482 2926 divellemur
496 2865 624 2947 coeptis.
654 2865 687 2926 in
705 2869 791 2926 tanta
806 2883 910 2926 rerum
935 2865 1160 2943 inconstantia,
1183 2861 1313 2938 doloris,

213 2973 333 3045 metus,
353 2967 471 3049 gaudii,
492 2971 668 3052 appetitus,
691 2971 834 3033 fidissimi
852 2973 952 3053 patris
968 2969 1113 3050 Geraldi,
1127 2989 1219 3050 quem
1233 2969 1313 3031 haec

212 3091 274 3133 non
290 3080 438 3155 tangunt,
455 3075 723 3159 specialitcriilius
739 3077 910 3141 Gerbertus
927 3076 1153 3159 sequendorum
1171 3074 1317 3156 deposcit

212 3183 406 3244 sententiam.
443 3181 570 3261 Valeat,
590 3183 691 3246 valeat
715 3184 812 3244 irater
833 3183 1003 3262 Airardus,
1024 3181 1126 3246 valeat
1148 3182 1313 3244 sanctissi-

211 3286 377 3367 mnsordo,
393 3308 479 3351 meus
495 3287 575 3350 altor
591 3297 623 3352 et
638 3289 830 3366 informator,
845 3291 967 3368 meique
983 3292 1026 3351 sit
1040 3307 1156 3352 memor
1171 3287 1204 3348 in
1222 3305 1314 3347 sanc·

210 3394 254 3454 tis
277 3397 493 3476 petitionibus,
516 3415 551 3455 ac
566 3395 668 3457 Patris
690 3396 728 3458 A.
742 3395 978 3476 archiepiscopi
992 3393 1160 3457 Remorum
1177 3393 1238 3455 sibi
1254 3412 1312 3476 per

213 3499 314 3558 omnia
332 3498 446 3561 devoti.
473 3501 617 3571 (Masson
635 3519 666 3582 p.
688 3503 730 3564 20
746 3506 778 3562 et
794 3501 852 3574 21;
868 3502 906 3562 ad
923 3508 989 3564 not.
1008 3503 1040 3580 3,
1059 3521 1092 3584 p.
1110 3501 1178 3571 61.)

294 3605 364 3686 Ep.
387 3603 439 3668 91.
475 3605 538 3679 (Ad
561 3606 766 3668 ilaimundum
790 3607 1021 3668 Auriiacensem
1037 3608 1214 3678 Abbatem.)
1239 3603 1313 3666 cla-

208 3709 336 3772 rissimo
354 3718 443 3792 patre
454 3711 588 3773 (deraldo
610 3715 747 3790 orbatus,
763 3732 822 3773 non
843 3719 927 3775 totos
944 3731 1110 3795 superesse
1126 3715 1213 3774 visus
1228 3729 1310 3772 sum.

210 3813 273 3876 Sed
288 3823 321 3878 te
346 3815 632 3881 desiderantissimo
646 3819 816 3882 secundum
834 3828 903 3881 vota
920 3839 987 3882 mea
1005 3823 1036 3881 in
1054 3826 1174 3901 patrem
1191 3823 1312 3895 creato,

210 3919 309 3983 denuo
323 3929 410 3985 totus
423 3925 455 3986 in
473 3922 572 3986 tilium
588 3943 744 3988 renascor.
765 3927 830 3990 Nec
840 3923 925 3988 aolus
936 3931 1040 3988 vestro
1051 3927 1169 3988 honore
1177 3921 1312 4006 gaudeo,

207 4028 322 4109 gaudet
343 4029 435 4092 Pater
458 4029 628 4106 Adalbero,
659 4049 693 4094 se
712 4050 833 4113 suaque
855 4034 945 4096 vobis
961 4051 998 4096 er
1014 4033 1117 4094 animo
1136 4030 1312 4108 conterens,

209 4141 296 4198 tanto
315 4140 450 4220 arctius,
473 4144 588 4220 quanto
599 4135 732 4222 amplius
753 4138 823 4203 luce
838 4136 999 4222 religionis
1018 4159 1055 4205 ac
1069 4137 1220 4203 scientias.
1233 4153 1322 4236 con·⁴
