2944 4714
608 223 761 310 gm-

149 421 183 481 et
196 413 307 498 gratiis
322 410 482 488 exornari,
494 408 534 476 da
549 409 771 490 omnipotentis
785 410 845 476 liei
859 407 1083 486 misericordia,
1109 426 1145 474 ac
1158 409 1236 480 lver-

144 511 247 569 torum
265 503 344 566 l’ctri
361 508 393 564 et
407 499 491 564 Pauli
507 497 717 579 apostolorum
735 499 803 580 ejus
820 499 1000 562 auctoritate
1023 497 1141 576 conlisi,
1165 517 1236 564 um-

143 591 236 656 nibus
251 597 285 654 ct
299 588 431 670 singolis
446 587 607 666 utriusque
623 603 717 650 sexus
734 585 848 672 Christi
863 585 1002 650 fidelibus
1024 585 1138 652 dicmur
1154 604 1236 650 eon-

143 678 366 742 fraternitatem
382 673 577 751 intrantibus,
602 673 655 753 qui
669 681 810 756 tempore
825 674 986 757 ingressus
1001 674 1061 751 sui,
1087 692 1124 736 ac
1148 674 1188 736 ils
1203 680 1237 738 et

144 766 351 831 confratribus
366 765 420 845 qui
435 765 467 826 in
483 761 534 825 die
550 761 629 825 festo
646 763 787 842 corporis
802 761 919 824 christi
945 767 999 824 aut
1012 761 1079 842 ejus
1100 767 1235 834 octavu,

144 871 218 917 vere
233 855 421 934 prenitentes
435 855 560 932 peecata
577 867 632 912 sua
655 849 790 914 confessi
804 850 931 925 luerint,
958 855 988 910 ct
1003 848 1231 914 Sacramentum

143 919 322 1022 hujusmodi
338 938 536 1019 sumpserint,
561 942 593 998 et
607 935 749 1000 similiter
765 936 881 1000 eisdem
897 934 1117 1010 confratribus,
1144 936 1236 1002 etiam

144 1027 377 1107 paenitentibus,
404 1032 437 1088 et
452 1024 605 1088 confessis
631 1025 663 1086 in
682 1024 819 1104 ipsorum
836 1024 943 1089 ricottis
958 1021 1099 1100 articulo,
1125 1021 1237 1101 plema-

144 1116 223 1178 riam
246 1117 384 1179 omnium
409 1119 605 1194 peccalorum
631 1128 759 1176 suorum
782 1110 1004 1191 indulgentiam
1028 1117 1059 1174 et
1073 1111 1238 1176 remissio·

147 1219 219 1264 nem
238 1200 483 1266 misericorditer
498 1202 530 1262 io
545 1198 678 1262 Domino
695 1198 891 1262 concedimus
907 1205 938 1261 ct
952 1197 1131 1280 elargimur.

232 1291 383 1354 Preterea
397 1286 514 1350 eisdem
540 1285 748 1350 confratribus
768 1288 931 1366 utriusque
954 1303 1050 1348 sexus
1065 1291 1154 1348 extra
1171 1283 1232 1346 Ur·-

147 1376 215 1438 bem
231 1377 445 1452 existentibus,
467 1374 520 1454 oui
536 1374 567 1438 iu
583 1372 704 1452 diebus,
727 1375 758 1436 in
783 1375 894 1454 quibus
908 1373 1058 1437 stationes
1074 1373 1111 1448 in,
1123 1371 1237 1435 ecclc-

147 1464 202 1527 siis
218 1464 250 1526 iu
266 1466 360 1541 Urbe,
378 1469 409 1526 et
424 1467 511 1524 extra
527 1459 610 1525 illam
628 1461 844 1538 existentibus,
860 1460 1021 1538 habentur,
1042 1459 1149 1534 altare,
1176 1477 1233 1520 seu

147 1551 251 1616 locum
268 1554 302 1614 in
319 1569 380 1633 quo
396 1551 626 1617 Sacramentum
643 1549 828 1626 custoditur,
843 1549 1049 1628 visitaverint,
1075 1554 1107 1610 et
1120 1549 1237 1626 septies

147 1641 326 1702 orationem
347 1636 551 1714 dominicam,
576 1642 608 1698 et
628 1635 842 1702 salutationem
866 1634 1048 1716 angelicam,
1072 1635 1237 1698 recitantes

147 1743 205 1805 pro
222 1725 409 1790 exaltatione
423 1724 510 1788 fidei
526 1723 704 1800 Catholicae,
731 1731 762 1788 et
783 1724 990 1805 extirpatione
1016 1720 1179 1796 heresum,
1205 1728 1237 1783 et

149 1812 318 1877 infidelium
335 1815 503 1890 oraverint,
526 1811 650 1876 easdem
671 1809 879 1893 indulgentias
901 1827 977 1890 quas
999 1826 1237 1888 consequeren-

148 1905 208 1978 tur,
224 1902 252 1963 si
269 1919 304 1964 ea
320 1899 371 1964 die
387 1900 469 1964 illam
486 1898 661 1978 ecelesiam,
676 1900 707 1962 in
723 1899 814 1977 Urbe,
830 1903 861 1962 et
876 1904 965 1962 extra
979 1915 1046 1962 cam
1059 1895 1234 1972 visitarent,
1336 1907 1338 1910 ·
1404 1867 1411 1879 ’

147 1989 179 2050 iu
196 2005 256 2071 qua
273 1989 338 2070 ipsa
354 1989 448 2053 statio
463 1987 603 2050 habetor.

235 2076 363 2156 insuper
387 2075 505 2140 eisdem
530 2074 737 2140 confratribus
759 2073 935 2158 hujusmodl
950 2071 1047 2138 altare
1062 2088 1119 2136 sco
1134 2069 1235 2132 loeuur

145 2162 353 2241 visitantibus,
378 2172 410 2227 ct
423 2169 458 2226 ut
472 2180 578 2244 supra,
594 2163 753 2227 orantibus
775 2169 862 2228 sexta
884 2179 1004 2244 quaque
1020 2158 1099 2223 feria
1114 2165 1236 2222 centum

144 2250 230 2314 dies:
253 2253 377 2332 singula
399 2271 477 2316 veru
499 2249 550 2314 dic
573 2251 605 2314 in
621 2251 717 2315 eene
733 2251 859 2316 Domini
887 2249 1004 2314 eisdem
1031 2245 1237 2312 confratribus

143 2357 221 2492 dm
242 2340 462 2420 poenitentibus
478 2347 510 2404 et
524 2336 675 2404 confessis
691 2345 810 2420 septem
828 2355 942 2412 annos,
968 2343 999 2400 et
1015 2334 1140 2399 totidem
1157 2351 1236 2414 qua-

165 2445 308 2509 ragenas.
765 2475 768 2482 .

231 2516 350 2578 Rursus
366 2516 481 2579 eisdem
498 2514 706 2580 confratribus
729 2515 782 2596 qui
803 2513 840 2580 cd
866 2512 962 2578 altore
985 2509 1083 2592 ipsius
1099 2508 1132 2572 in
1148 2509 1237 2572 tertia

143 2601 300 2666 dominica
324 2603 489 2685 cujuslibet
511 2603 647 2681 mensis,
670 2610 702 2666 et
723 2602 754 2665 in
777 2603 855 2667 laria
879 2602 986 2683 quinta
1007 2599 1038 2662 in
1060 2599 1153 2662 Goena
1170 2597 1237 2658 Do·

143 2690 233 2768 mini,
259 2689 482 2756 Eucharistiam
498 2693 549 2772 pic
564 2692 769 2772 susceperint,
793 2691 900 2754 decem
916 2705 1034 2766 annos,
1058 2693 1089 2750 et
1111 2683 1252 2750 totidem*

142 2777 372 2860 quadragenas.
404 2780 538 2843 Ulterius
555 2786 613 2842 tarn
632 2780 706 2860 ipsis
722 2779 940 2856 confratribus,
957 2793 1047 2857 quam
1062 2771 1131 2838 eliis
1145 2770 1238 2836 Cbri-

141 2867 185 2930 sti
206 2864 361 2943 fidelibus,
384 2868 544 2946 utriusque
571 2883 664 2930 sexus
689 2865 803 2928 dictum
829 2867 1074 2937 Sacramentum,
1102 2859 1172 2924 dum
1200 2858 1235 2922 ad

142 2959 283 3034 aegrotos
300 2951 438 3018 defertur
453 2952 689 3030 associantibus,
706 2961 737 3016 et
753 2953 791 3016 iis
807 2955 859 3034 qui
872 2953 961 3018 tuere
973 2948 1112 3030 impediti
1127 2946 1165 3010 ad
1180 2964 1237 3010 so-

140 3059 218 3105 num
234 3057 337 3120 parve
353 3059 510 3124 campanae
526 3059 610 3122 genu
626 3041 711 3116 deni,
736 3042 834 3107 semel
851 3040 1023 3106 orationem
1041 3035 1237 3111 dominicam,

141 3137 177 3194 et
192 3127 406 3193 salutationem
422 3129 590 3211 angelicam
607 3129 817 3206 recitaverint,
842 3135 873 3192 et
896 3144 953 3208 pro
981 3125 1101 3191 infirmo
1119 3140 1235 3186 orave-

141 3219 219 3294 rint,
237 3217 360 3297 quoties
377 3218 408 3282 id
422 3219 555 3282 fecerint
569 3223 691 3282 centum
707 3216 791 3280 dics:
807 3219 845 3280 iis
861 3235 937 3281 vero
950 3211 1165 3285 confratribus,
1184 3211 1236 3288 (prii

143 3307 376 3372 Sacramentum
401 3306 501 3387 ipsum
518 3307 550 3368 in
566 3305 770 3387 processione
787 3313 858 3386 post
873 3303 1021 3382 majorem
1037 3300 1162 3364 missam
1180 3315 1237 3360 ea-

142 3393 214 3456 dem
231 3393 321 3455 tertia
336 3393 490 3457 dominica
502 3393 569 3457 lieri
584 3400 752 3470 consueiae,
769 3393 1004 3468 associaverint,
1020 3394 1141 3452 eentum
1151 3385 1237 3448 dies:

143 3487 178 3544 et
192 3479 338 3542 similiter
352 3481 391 3543 iis
407 3481 615 3546 confratribus
631 3497 708 3545 vere
723 3480 945 3563 poenitentibus
962 3485 992 3542 et
1005 3475 1167 3550 confessis,
1184 3471 1237 3553 oui

144 3565 346 3647 sepulchrum
374 3568 572 3646 dominicum,
598 3571 629 3632 in
651 3569 732 3632 dicta
758 3567 889 3632 ccclesia
910 3568 1013 3632 Beate
1035 3564 1140 3627 Mariae
1161 3561 1237 3623 feria

146 3655 252 3733 quinta
269 3655 300 3717 in
318 3655 411 3718 Goena
428 3657 563 3730 Domini,
580 3657 718 3720 construi
734 3657 871 3732 solitum,
899 3651 1104 3728 visitaverint,
1119 3655 1236 3729 septem

148 3759 258 3818 annos,
275 3749 305 3806 ct
322 3743 449 3806 totidem
467 3743 690 3825 quadragenas,
706 3743 745 3806 de
761 3743 907 3824 injunctis
923 3741 982 3804 sibi
997 3757 1054 3802 seu
1069 3737 1144 3801 alias
1155 3753 1237 3818 quo-

146 3827 316 3894 modolibet
330 3831 442 3894 debitis
458 3831 661 3912 poenitentiis,
685 3830 870 3895 relaxamus.
902 3831 1060 3894 Postremo
1086 3826 1156 3906 quia
1173 3823 1237 3887 dil-

145 3916 227 3978 frcilc
242 3926 324 3980 esset
338 3927 456 3982 certum
473 3919 575 3982 locum
592 3919 623 3982 in
641 3937 703 4000 quo
720 3920 949 3983 Sacramentum
966 3921 1144 3996 reponatur,
1165 3912 1237 3974 ubi-

147 4021 208 4084 que
231 4004 425 4071 uniformiter
451 4009 653 4083 constituere,
677 4008 795 4070 ideirco
817 4015 851 4069 ut
875 4007 1103 4070 Sacramentum
1126 4002 1237 4081 ipsum,

147 4091 197 4154 vel
215 4091 246 4153 in
264 4091 365 4155 medio
382 4094 486 4160 altaris
504 4097 641 4176 majoris,
664 4095 715 4157 vel
730 4095 762 4156 ln
779 4094 840 4158 alio
857 4093 1061 4158 commodiori
1077 4091 1159 4163 loco,
1182 4104 1237 4148 ar-

148 4179 242 4244 bitrio
258 4181 318 4244 loci
331 4183 491 4265 ordinarii,
507 4187 532 4250 si
544 4185 683 4254 Ecclesia
691 4185 723 4248 in
733 4201 792 4274 qua
802 4183 1036 4254 confraternitas
1053 4176 1237 4246 celebratur,
