2938 4716
232 303 253 364 4

229 487 328 551 Nostri
350 487 474 566 patriam
498 484 590 546 inisse
613 483 813 560 contendunt,
848 484 903 545 etsi
933 486 1054 548 notione
1075 487 1266 567 scotos-tuit,

232 594 314 649 recte
335 585 476 647 indicare.
502 618 536 631 -
562 583 621 646 iem
644 601 717 644 nero
742 583 779 644 dc
803 584 927 666 singuiis
949 585 1106 650 videndum
1131 596 1183 649 est.

313 687 368 760 Qui
401 687 430 749 in
454 683 595 746 Hibernia
626 683 765 746 ioannem
789 691 922 746 nostrum
944 692 1041 748 natum
1064 705 1133 749 esse
1154 687 1267 764 uniunt,

231 785 361 866 pluribus
389 793 508 847 utuntur
534 787 716 865 argumentis
733 791 789 861 ¹2),
825 801 949 864 quorum
984 803 1126 850 summam
1160 788 1266 851 ordine

230 903 430 966 proponemus
452 883 596 964 simulque
618 884 777 967 diligenter
799 887 1043 950 examinabimus.
1067 923 1105 935 -

311 985 398 1059 Quod
421 985 511 1067 igitur
530 985 653 1064 primum
676 984 804 1046 ioonnes
829 977 916 1048 inerit
936 1005 1049 1068 genere
1074 988 1190 1063 Senius,
1211 987 1266 1048 Hi-

229 1087 330 1148 bernia
353 1084 410 1146 iilis
433 1085 615 1165 temporibus
635 1087 753 1165 propria
777 1087 933 1150 Scotorum
957 1086 1065 1164 sedes,
1094 1087 1154 1148 troc
1174 1105 1267 1168 argu-

230 1193 357 1246 mentum
380 1185 565 1262 conciderit,
597 1183 756 1247 dummodo
781 1187 982 1267 cogitaveris,
1005 1188 1093 1248 etiem
1115 1186 1144 1248 in
1165 1187 1265 1252 Scotia

229 1293 258 1345 et
280 1287 310 1346 in
333 1284 438 1347 Waltie
461 1285 516 1347 itiis
538 1285 719 1366 temporibus
742 1285 922 1348 habitavisse
944 1287 1062 1350 scotos.

313 1385 428 1447 Deinde
452 1385 563 1448 babent
589 1405 613 1448 s.
637 1387 841 1462 Prudentem,
873 1387 1041 1466 episcopum
1067 1385 1265 1447 Tricassinum

230 1487 311 1562 (sive
333 1487 547 1562 Trecensem),
580 1487 629 1566 qui
653 1505 719 1547 cum
741 1486 852 1548 loanne
875 1487 950 1548 uixit
971 1494 1000 1549 et
1020 1487 1058 1547 de
1078 1503 1116 1548 eo
1142 1485 1265 1566 loquens

230 1587 291 1662 „To
315 1588 447 1664 snium“‚
480 1591 540 1661 ait,
575 1587 726 1665 „omnium
747 1587 946 1653 acutissimum
971 1587 1084 1649 Galliae
1106 1585 1266 1648 transmisit

228 1685 370 1750 Hibernia
386 1690 456 1764 ¹³)“.
480 1725 518 1736 -
544 1688 651 1749 Verum
680 1705 718 1748 nc
748 1706 786 1748 ex
809 1687 868 1748 boc
892 1688 1008 1767 quidem
1033 1688 1190 1768 quidquam
1213 1703 1266 1747 se·
1321 1720 1324 1728 ,

230 1789 335 1869 quitur,
355 1789 413 1851 nisi
436 1788 575 1851 ioannem
600 1806 638 1850 ex
661 1787 799 1850 Hibernia
824 1789 852 1850 in
874 1789 995 1851 Galliam
1018 1791 1155 1851 venisse:
1185 1787 1265 1850 nulio

229 1889 320 1952 modo
350 1889 421 1950 inde
452 1891 599 1964 efficitur,
632 1897 662 1950 ut
685 1890 773 1950 etiarn
795 1889 824 1949 in
848 1888 987 1951 Hibernia
1011 1896 1096 1950 natus
1116 1891 1164 1951 sit.
1207 1889 1267 1951 Sed

176 2043 180 2050 .
229 1989 380 2069 putaveris
402 1989 536 2064 forsitan,
566 2007 621 2050 nos
647 2009 672 2050 s.
697 1987 844 2050 Prudentii
866 1991 957 2050 verba
982 1989 1068 2058 nimis
1090 1989 1129 2051 ad
1152 1989 1266 2070 apicem

230 2107 299 2150 esse
321 2091 544 2168 interpretatos:
577 2107 635 2150 nec
666 2088 748 2170 ptura
778 2089 947 2151 concedere
967 2107 1150 2152 recusamus.
1194 2089 1268 2152 Nam

231 2207 299 2250 esse
329 2196 441 2268 potest,
475 2198 506 2250 ut
533 2189 660 2252 ioannes
689 2191 719 2250 in
752 2187 893 2250 Hibernia
924 2189 1053 2250 sortasse
1073 2189 1194 2270 longum
1215 2207 1269 2268 pen

231 2296 344 2368 tempus
364 2287 458 2350 literis
481 2307 601 2370 opernm
621 2288 745 2365 dederit,
775 2296 863 2369 atque
885 2290 923 2350 ita
945 2289 981 2350 ab
1004 2289 1142 2350 Hibernis
1163 2288 1268 2348 erudi-

232 2397 278 2449 tus
300 2391 329 2450 in
351 2388 472 2451 Goiiiam
494 2409 528 2452 se
552 2390 719 2452 contulerit.
763 2389 848 2463 Quod
880 2407 912 2450 re
938 2407 1010 2450 uera
1032 2389 1139 2450 iactum
1162 2387 1267 2462 videri,

231 2487 306 2550 inira
319 2493 362 2568 ι1)
386 2490 586 2553 ostendemus.
630 2490 712 2551 Huec
735 2495 830 2551 autem
852 2490 1012 2552 concessio
1032 2495 1132 2550 nostra
1147 2487 1267 2549 onrrrino

228 2633 273 2644 1⁸-—
280 2633 529 2648 ——uu-—a—-n--Qn-

268 2741 312 2810 12)
332 2739 364 2792 cs.
384 2741 501 2792 Histoire
521 2743 637 2792 litrirnire
658 2741 691 2791 de
711 2741 736 2792 in
757 2741 864 2792 Franee.
896 2737 1005 2790 Perdes
1026 2739 1162 2804 aengien
1183 2736 1267 2788 uerre-

330 2827 427 2879 dietins
447 2829 480 2878 de
503 2829 526 2879 lu
547 2827 742 2896 Congrdgntiou
764 2830 797 2878 de
818 2829 844 2880 S.
866 2827 949 2876 Maur.
970 2834 1034 2875 torn.
1054 2825 1085 2888 V,
1107 2843 1132 2894 p.
1150 2823 1210 2876 416.
1235 2855 1267 2866 -

331 2917 373 2968 Du
393 2917 448 2978 Pin,
469 2930 547 2966 noue.
567 2915 694 2966 biblioth.
712 2915 728 2966 Ι.
751 2916 767 2969 1.
789 2917 835 2982 (sc.
853 2923 917 2965 torn.
937 2912 997 2983 VH)
1016 2929 1039 2982 p.
1060 2911 1101 2962 77.
1121 2943 1151 2952 -
1171 2911 1268 2964 Thoan.

335 3005 437 3056 Moero.
457 3005 475 3056 1.
495 3005 512 3054 Ι.
535 3005 598 3055 Voi.
622 3006 642 3068 i,
663 3019 720 3073 cap.
744 3004 782 3056 13.
805 3004 904 3071 interp.
924 3003 1015 3056 Gerru-
1036 3001 1096 3050 Vol.
1117 3002 1136 3062 Ι,
1158 3017 1184 3069 p.
1206 2999 1266 3052 354.

331 3101 382 3143 ret.
401 3101 451 3142 crt.
1237 3093 1240 3102 '

160 3263 162 3270 y
271 3196 316 3260 13)
337 3196 371 3248 ci.
391 3195 487 3248 Tirom.
506 3197 582 3246 Gaio.
605 3195 621 3246 1.
644 3197 660 3246 Ι.
681 3196 779 3247 testim.
800 3210 824 3264 p.
842 3193 868 3253 1,
888 3193 936 3263 qui
953 3191 1025 3244 hunc
1039 3191 1125 3244 iocum
1141 3190 1223 3242 habet
1236 3207 1268 3240 ex
1367 3185 1370 3192 '

332 3285 358 3334 S.
385 3281 463 3336 Prnd.
488 3284 557 3334 libro
577 3283 629 3344 „de
656 3283 789 3351 praedest.
811 3279 937 3334 advorsus
957 3281 1083 3332 somme
1102 3295 1161 3348 cup.
1183 3277 1215 3330 14
1233 3278 1268 3329 es.

337 3373 450 3422 blasima
479 3371 605 3422 biblioth.
634 3379 686 3422 vet.
717 3378 829 3438 patrum,
862 3369 927 3420 edit.
947 3367 1183 3438 Lugdunensis-
1205 3375 1268 3418 tom.

334 3459 390 3520 HV,
409 3477 433 3528 p.
451 3459 502 3510 5³4
520 3459 549 3510 E.
571 3487 597 3500 -

418 3563 473 3614 Hne
492 3563 551 3613 loco
571 3563 596 3613 S.
620 3560 776 3614 Prudentius
797 3560 967 3620 „Hiberuicis
985 3559 1114 3627 Erigenne
1140 3556 1270 3608 eruditio-

335 3651 433 3703 uibos“
454 3650 567 3719 opponit
587 3679 619 3692 -
639 3664 730 3709 „tuam
752 3648 834 3716 ipsius
852 3647 1034 3717 eloquentiam
1047 3645 1201 3705 Celticem‚“
1222 3642 1269 3712 qni

336 3748 434 3797 tamen,
453 3745 484 3788 ut
502 3737 558 3804 ipae
576 3734 610 3786 de
629 3751 663 3792 so,
675 3736 720 3798 nit,
739 3763 772 3773 -
793 3733 846 3784 init
865 3733 1013 3804 „Hesperia
1031 3733 1152 3799 genitus,
1182 3730 1270 3782 eatan

336 3824 617 3876 <termenandum
636 3852 670 3863 -
689 3823 722 3873 ci.
748 3821 810 3873 hist.
834 3820 885 3872 tin.
910 3821 944 3872 de
975 3822 998 3872 ia
1026 3818 1126 3870 Franco
1150 3824 1214 3869 tom.
1238 3816 1270 3876 V,

338 3931 362 3982 p.
381 3909 432 3964 240
460 3921 540 3963 -et
567 3909 670 3962 Mobill.
699 3911 786 3960 inunt.
815 3909 914 3962 Heneti.
939 3915 1003 3959 tom.
1022 3905 1071 3968 tit,
1089 3923 1113 3973 p·
1135 3903 1158 3956 6.
1183 3933 1212 3944 -·

274 4015 317 4082 id)
338 4018 366 4068 in
384 4034 440 4087 top.
460 4016 491 4067 11.
