2944 4714
610 227 761 322 Q

126 431 269 499 prorsus
285 413 372 492 uitio,
397 422 428 480 et
448 413 626 496 suspicione
642 435 749 481 carere
764 423 992 504 reperissemus
1009 421 1158 502 (quorun
1175 414 1226 482 ei-

121 505 248 569 iectum
278 505 377 568 ialicis
392 503 514 568 record.
552 503 652 568 Julius
673 506 777 570 divino
799 512 995 590 providentia
1018 525 1095 589 papa
1113 505 1163 568 lll.
1189 507 1225 570 ad

124 610 223 656 suum
249 599 281 654 et
305 592 494 672 apostolicae
517 592 601 654 sedis
617 591 842 670 beneplacitum
872 599 1080 679 publicatione
1105 594 1227 655 litteru-

123 699 197 744 rum
216 679 455 760 apostolicarum
477 697 557 743 anno
576 679 705 758 jubilaei
728 684 977 767 quinquagesimi
1006 680 1225 761 suspenderat,

127 785 277 848 quosque
304 785 361 830 seu
378 783 509 848 quorum
526 767 623 846 ipsum
641 767 782 831 ellectum
801 783 908 851 postea
925 773 1073 834 adversus
1090 785 1226 846 suspen-

126 860 254 919 sionem
273 854 459 934 bujusmcdi,
484 857 574 916 vivae
591 855 677 916 vocis
697 857 825 922 oraculo
848 863 879 925 in
906 863 1079 940 pristinum,
1102 863 1131 917 et
1156 873 1225 916 eum

125 943 295 1024 vigorem,
326 943 356 1002 in
386 959 446 1021 quo
477 947 548 1003 onie
575 945 811 1022 suspensionum
836 949 964 1011 eandem
991 941 1224 1027 quomodolibet

126 1037 232 1105 erant,
250 1028 394 1106 restituit,
410 1032 559 1110 reposuit,
576 1037 606 1090 et
622 1030 760 1110 plenarie
776 1037 990 1118 reintegravit,
1011 1039 1225 1114 parietesquom

127 1119 160 1178 in
185 1133 269 1180 anno
284 1115 416 1180 lubiloei
442 1125 590 1197 perpetue
606 1117 766 1190 valituris)
795 1119 860 1184 illas
884 1125 919 1184 ad
940 1122 1111 1184 instantiam
1130 1117 1225 1197 Capi-

128 1201 201 1276 tuli,
226 1211 258 1266 et
274 1203 498 1268 canonicorum
516 1200 707 1284 collegiatus
723 1203 881 1271 Ecclesiae
899 1211 928 1274 S.
947 1208 1066 1272 blartini
1093 1205 1225 1266 civitatis

128 1289 315 1354 Leodieusis
338 1309 395 1370 pro
427 1291 678 1354 confraternitate
704 1296 903 1359 sacratissimi
929 1295 1076 1377 Corporis
1102 1292 1223 1354 Domini

133 1379 233 1440 nostri
249 1378 323 1442 lesu
341 1377 464 1454 Obristi,
489 1378 637 1461 erigenda
655 1381 686 1440 in
714 1381 870 1458 praedicta
888 1383 1026 1446 Ecclesia
1044 1383 1073 1445 S.
1091 1379 1225 1454 bisuntini,

130 1463 296 1529 dummodo
312 1466 423 1530 similis
440 1469 539 1547 gratia
564 1467 648 1544 prius
664 1465 756 1528 alteri
773 1487 831 1547 per
848 1490 905 1535 nos
930 1473 958 1533 in
977 1469 1083 1532 eadem
1101 1467 1225 1527 civitate

129 1551 298 1616 leodiensi
314 1571 461 1617 concessa
478 1571 541 1618 non
567 1553 675 1615 luerit:
717 1553 906 1620 Procurentc
931 1559 1078 1640 magistro
1101 1554 1225 1616 domino

129 1639 310 1726 Augustinq
333 1639 499 1721 Eloqucrio
516 1641 630 1705 clerico
646 1638 823 1718 Leodionsi,
847 1662 902 1724 per
920 1645 1146 1722 infrascriptum
1164 1657 1226 1703 no-

130 1733 215 1789 strae
232 1727 492 1793 confraternitatis
507 1730 719 1803 secretarium,
743 1731 840 1808 gratis
856 1741 887 1794 et
903 1749 1008 1795 aratore
1025 1732 1080 1794 Dei
1099 1731 1129 1790 in
1148 1728 1226 1789 banc
1342 1752 1347 1770 =

131 1813 286 1894 publicam
309 1820 490 1896 transumpti
508 1818 638 1882 iormam
654 1815 754 1896 redigi
771 1817 993 1890 mandavimus,
1018 1818 1226 1880 decernentes

130 1899 204 1964 buic
233 1906 391 1984 praesenti
417 1911 625 1984 transumpto,
656 1911 768 1966 tantum
798 1904 887 1968 sidem
917 1904 1119 1969 adhibendam
1148 1901 1225 1976 lore,

130 1997 244 2068 quonia
271 1990 480 2071 originalibus
504 1991 627 2068 litteris,
650 1997 682 2054 et
697 1994 791 2055 rnotui
815 1995 944 2074 proprio
966 1993 1176 2064 adhiberetur,
1199 1988 1225 2050 si

129 2075 237 2140 l'orcnt
253 2078 382 2141 exhibiti
401 2079 451 2142 vel
468 2080 597 2144 ostensi.
626 2080 656 2140 ln
675 2096 804 2160 quorum
823 2084 970 2157 oninium,
986 2089 1014 2143 et
1031 2075 1223 2161 singulorum

130 2165 273 2228 omnium
289 2169 541 2246 praemissorum,
560 2175 740 2249 praesentes
756 2165 892 2246 litteras3
919 2173 987 2232 sive
1004 2169 1063 2232 boc
1079 2181 1225 2246 praesens

127 2251 286 2332 publicum
305 2259 484 2333 transumpti
503 2257 750 2330 instrumentum,
779 2255 893 2318 exinde
909 2255 989 2330 fieri,
1013 2264 1041 2319 et
1060 2272 1115 2338 per
1143 2269 1225 2315 euu-

124 2339 194 2402 dem
211 2344 418 2404 secretarium
434 2343 598 2417 subscribi,
618 2348 649 2404 et
664 2340 813 2422 publicari
831 2343 1053 2418 mandavimus,
1074 2361 1110 2406 ac
1125 2342 1224 2404 nostri

124 2427 221 2512 sigilli
238 2428 389 2504 jussimus
412 2438 443 2494 ct
460 2432 589 2494 lecimus
605 2430 796 2509 appensione
814 2432 935 2494 muniri.
982 2431 1091 2494 Dolum
1109 2431 1224 2494 llonrae

126 2517 158 2579 iu
181 2517 301 2596 templo
317 2517 429 2580 Beatos
444 2517 559 2581 blariae
583 2535 675 2596 supra
698 2515 878 2596 Mirrersam,
902 2520 933 2580 in
957 2527 1060 2582 nostra
1086 2535 1224 2597 congre-

128 2606 259 2686 gatione
278 2604 334 2667 sub
355 2623 438 2669 anno
461 2606 660 2670 aNatiritale
676 2603 799 2669 Domini
816 2605 1029 2670 tabtxxttl.
1056 2606 1225 2669 indictione

125 2692 152 2754 l.
168 2692 222 2755 dic
244 2710 321 2754 vero
336 2692 429 2756 Xllll.
447 2697 561 2758 mensis
577 2693 764 2770 decembris,
782 2694 977 2774 pontificatus
993 2694 1176 2758 sarrctissimi
1194 2695 1223 2754 in

128 2778 258 2844 Cbristo
283 2780 358 2844 lesu
380 2788 411 2842 et
435 2781 470 2842 tt.
497 2781 533 2844 tt.
556 2782 591 2844 tt.
611 2781 754 2861 Gregorii
780 2782 884 2844 divina
913 2783 1107 2861 providentia
1130 2797 1224 2859 papae

127 2865 209 2928 xttt.
231 2883 312 2930 antro
330 2866 366 2930 ll.
383 2868 600 2948 praesentibus
619 2865 774 2932 nobilibus
791 2871 876 2942 uiris,
902 2867 1031 2932 Camillo
1048 2867 1226 2946 Pantpbilio,

129 2953 254 3018 etlulio
265 2955 422 3020 Sedelliao
432 2955 709 3021 civibuslioruanis
720 2957 849 3018 testibus
864 2957 901 3020 ad
914 2957 1079 3036 praemissu
1097 2957 1224 3019 uocatis.

130 3157 457 3214 Gornmnnicniton
484 3163 548 3215 den
573 3161 783 3224 Privildsgen
816 3163 864 3215 tle
889 3165 928 3215 ln
952 3159 1151 3216 t‘cnrserre
1176 3161 1225 3213 dtr

182 3251 289 3302 taint
313 3252 547 3310 fluctuarent,
575 3245 802 3303 secordes&
828 3252 868 3302 ln
886 3249 1101 3316 collegiatae
1126 3251 1173 3301 de

438 3341 723 3404 fluitat-Martia
744 3335 769 3392 ὁ
787 3338 914 3404 [affige.

219 3483 254 3547 lrt
271 3483 384 3546 Christi
401 3487 528 3549 nomine
543 3487 651 3549 anea.
683 3485 746 3549 Nos
763 3485 942 3548 Alexander
958 3484 1156 3548 miseratione
1172 3481 1223 3545 di·

132 3575 205 3637 vina
229 3574 394 3654 episcopus
420 3571 630 3650 tusculanus,
654 3573 817 3636 cardinalis
842 3574 1007 3635 Farnesius
1032 3579 1225 3650 nurtcupntus

132 3663 162 3724 S.
177 3663 214 3724 ll.
230 3659 266 3723 E.
283 3661 352 3723 vice
370 3659 591 3738 Concellarius,
617 3663 676 3740 pire
704 3668 735 3723 et
760 3660 946 3723 universalis
963 3659 1225 3724 confraternitatis

133 3750 332 3812 sacratissimi
360 3751 502 3832 corporis
521 3749 643 3814 ltomini
665 3749 763 3812 nostri
779 3747 1002 3825 iesu-curisti,
1029 3749 1059 3808 in
1093 3746 1224 3809 ecelesia

134 3835 243 3901 domus
258 3838 359 3901 Beatae
376 3837 479 3901 blariae
495 3855 588 3916 supra
605 3837 772 3900 Mineruam
789 3836 828 3896 de
846 3836 938 3914 Urbe,
955 3834 1074 3900 ordinis
1087 3835 1223 3898 Fratrum

134 3922 369 3988 Praedicatorum
387 3933 512 4005 erectae,
529 3931 560 3988 et
575 3925 722 3988 instituite
738 3929 908 4004 protector,
934 3941 969 3986 ao
985 3923 1138 3986 Ascanius
1155 3923 1224 3985 Ca-

135 4014 259 4076 sarinus
283 4015 447 4094 episcopus
464 4013 664 4096 ilyppolytas‚
692 4010 904 4075 Arsidabenus
931 4012 1096 4091 episcopus
1113 4011 1224 4072 liiera-

136 4101 300 4176 petrensis‚
328 4107 359 4160 et
373 4103 553 4166 Francisous
571 4099 758 4164 Odescalcus
775 4099 947 4175 esnensis,
974 4102 1069 4180 ipsius
1097 4096 1223 4158 conira·

136 4188 290 4250 temitatis
314 4187 594 4269 administratores,
616 4175 831 4255 Universib'et
845 4187 977 4272 singulis
1001 4199 1139 4270 presens
1162 4199 1224 4263 pu·
