2938 4716
1138 357 1178 422 69

137 551 319 616 quummque
341 535 405 612 ipse
428 531 511 613 quasi
535 531 651 613 collega
675 531 737 606 lull,
761 533 939 594 menliunern
964 535 1049 612 lacil,
1080 553 1177 617 nequa

137 635 173 696 de
195 638 287 699 Scolu
309 641 413 696 andro
431 633 587 714 quidquam
608 634 689 707 dicil,
710 633 841 712 pluribus
857 640 939 694 cerle
955 633 993 694 dc
1008 651 1055 711 eu,
1077 642 1178 715 alpolc

135 736 219 813 viro,
242 753 355 798 summa
380 734 535 795 doctrinae
557 733 644 795 laude
667 733 849 813 conspicuo,
883 743 1179 813 commemoraturus,

138 839 163 898 si
186 838 211 898 is
233 853 362 916 unquam
387 835 423 896 ad
447 833 599 895 Allredum
623 834 820 906 venissem).
892 883 896 895 ,

217 935 302 1009 Quae
327 935 374 995 vel
394 951 451 995 una
474 951 524 994 res
545 933 583 994 ad
605 933 704 1012 plures
726 931 1005 994 malmesburienses
1027 940 1116 1015 alque
1129 935 1181 996 ln-

133 1034 232 1116 qnllns
265 1033 448 1095 releuandos
470 1031 557 1094 valel.
601 1031 716 1094 Deinde
738 1031 1006 1094 malmesburiensis
1038 1034 1077 1094 ila
1100 1035 1179 1096 scri-

133 1135 183 1209 bu,
206 1135 292 1216 quasi
313 1135 419 1195 Scclus
439 1133 535 1194 slalim
550 1137 593 1212 2Ἰ)
614 1139 683 1212 pasl
702 1131 778 1194 illius
800 1130 953 1211 cpislclae,
972 1149 1058 1212 quam
1081 1133 1177 1195 Nico·

134 1232 198 1296 laus
222 1235 244 1312 l,
268 1236 363 1322 deeo
386 1234 522 1295 Gerulum
547 1233 661 1294 calvum
682 1233 758 1294 misil
773 1235 826 1307 ²⁵),
862 1233 890 1293 in
918 1233 1038 1294 Galliam
1061 1234 1178 1294 adren-

133 1342 201 1412 lum,
229 1334 335 1397 sclicla
368 1333 460 1396 Gallia
491 1333 527 1394 ad
557 1333 732 1410 Allredum,
766 1331 852 1394 huius
874 1333 1087 1409 ,munificeulia
1111 1333 1177 1394 ille-

133 1442 214 1496 clus“
234 1451 317 1495 -se
339 1433 504 1508 conlulcrll,
528 1451 614 1514 quum
637 1435 666 1494 in
688 1432 830 1494 conlessc
848 1433 1001 1508 babealur,
1025 1433 1176 1498 Allreduur
1233 1515 1236 1520 Ι

133 1543 201 1596 anle
223 1551 332 1596 annum
358 1533 594 1611 DCCCLXXX.,
626 1534 768 1603 bellorum
791 1533 974 1594 mullitudine
996 1535 1177 1612 dislraclum,

134 1635 170 1696 dc
191 1635 290 1698 dcclis
310 1635 477 1696 bominibus
500 1633 657 1696 illiciendis
678 1652 716 1695 ne
738 1634 890 1714 cugilasse
919 1635 1056 1714 quidum,
1089 1653 1176 1716 quum

134 1736 263 1816 denique
285 1734 334 1796 illa
357 1735 480 1814 epistola
503 1735 560 1795 iam
585 1751 664 1795 anno
688 1733 844 1796 buccbx.
870 1737 1069 1815 autquinque
1090 1739 1176 1798 annis

132 1843 198 1916 post
222 1835 332 1914 scripla
355 1835 455 1908 silffl).

212 1935 286 1998 'lum
315 1932 448 2012 lngullus
479 1932 600 1995 Scclum
623 1947 707 1994 suurn
732 1930 968 2012 Aclbelinqiensi
993 1935 1175 1996 monasterio

132 2035 269 2096 abbalem
293 2035 457 2115 praelecil3
491 2033 569 2113 quod
594 2039 698 2095 cculra
729 2031 998 2094 bldlmesburiensis
1031 2036 1114 2094 ‘sunm
1144 2035 1175 2095 in

131 2133 395 2197 blalmesbnriense
417 2135 596 2196 coenobium
620 2133 762 2208 duxil27).
793 2135 928 2194 Celerum
953 2134 1082 2212 lngullus
1102 2133 1175 2194 salis

129 2237 287 2297 manileslo
310 2235 449 2307 uslendil,
473 2233 552 2295 unde
573 2234 629 2296 sibi
653 2251 740 2296 error
760 2235 814 2294 isle
838 2233 973 2294 nbieclus
995 2236 1041 2294 sil.
1067 2235 1176 2297 Scribit

131 2338 208 2399 cuim
220 2341 280 2414 ²⁸J:
311 2333 501 2414 ,rullreuusr
526 2333 563 2394 de
586 2336 681 2396 veleri
703 2335 832 2396 Saxonis
856 2333 1013 2410 loannem,
1053 2351 1174 2413 cogno·
1236 2397 1239 2410 ,

130 2445 231 2498 menlu
253 2436 383 2508 Scotum,
406 2435 543 2496 acerrimi
560 2435 671 2515 ingenii
687 2432 905 2514 philosophum,
926 2435 963 2494 ad
980 2451 1013 2494 sc
1030 2433 1173 2509 alliciens,

129 2536 328 2617 Adelinqiac,
364 2535 537 2598 monasterii
569 2535 632 2614 sui,
670 2535 1027 2614 consliluilpraelalum.“
1051 2571 1092 2583 -
1113 2533 1173 2596 lam

128 2655 201 2699 veru
223 2637 355 2700 Asseras
376 2638 405 2698 in
426 2636 486 2698 vlla
506 2634 674 2713 Allredil‘l)
696 2636 798 2708 relect,
821 2651 949 2696 vocasse
965 2634 1118 2697 bllrcdum
1134 2634 1173 2697 ad

130 2755 162 2799 sc
185 2757 225 2800 ex
246 2737 337 2800 Gallia
361 2737 521 2810 „loannem
534 2735 693 2818 quendam,
714 2736 918 2816 presbyterum
935 2734 1172 2811 acmonacbum,

128 2839 348 2901 llaldsaxunem
360 2841 401 2916 ³⁰)
423 2853 557 2919 genere,
590 2839 684 2900 virum
708 2835 928 2913 daclisslmum,
960 2853 1046 2918 quem
1067 2841 1173 2916 postea

162 3067 212 3136 23)
231 3069 265 3119 cl.
285 3068 348 3121 hiat.
369 3073 420 3122 liu.
447 3071 480 3124 de
502 3074 527 3123 la
547 3071 646 3122 Franco
666 3079 728 3123 lom.
749 3069 781 3134 V,
800 3089 826 3140 p.
846 3069 908 3122 bru.
926 3097 961 3110 ·-

159 3171 208 3240 bb)
229 3173 263 3223 cl.
278 3172 373 3224 Tlruru.
394 3173 470 3226 Gale.
491 3175 499 3226 Ι
517 3175 534 3225 Ι.
555 3176 653 3227 testim.
674 3193 700 3244 p,
719 3172 744 3233 6,
764 3191 790 3244 p.
812 3173 839 3229 8.
858 3203 893 3216 ·-

159 3276 208 3340 25)
227 3276 262 3330 ci.
283 3295 342 3346 sup.
360 3297 419 3348 cup.
437 3277 483 3342 ΙΙΙ,
505 3287 562 3330 nol.
583 3280 695 3332 ΙΙΙ-ΙΙ.
716 3307 751 3320 -

158 3377 207 3444 26)
228 3379 262 3431 cl'.
283 3379 435 3433 Slarrdenm.
455 3399 482 3451 p.
504 3378 564 3434 166.

164 3480 213 3550 27)
232 3481 266 3533 cf.
287 3484 440 3536 Staudenm.
461 3502 487 3555 p.
510 3483 567 3542 136.
592 3513 626 3524 -
657 3485 751 3534 barram
780 3487 855 3554 buql.
883 3488 974 3558 script.
993 3497 1056 3559 pori
1075 3490 1169 3542 lladam

226 3571 377 3640 praecipui.
397 3573 517 3626 Frauccl‘.
537 3569 623 3624 blocl
641 3570 689 3622 sol.
709 3589 734 3640 p.
751 3571 812 3624 870.
832 3574 898 3643 sap.
915 3584 973 3628 acl.
991 3575 1035 3628 24.
1058 3584 1065 3597 “

156 3673 204 3741 28)
226 3673 262 3724 cl.
281 3691 339 3743 sup.
358 3682 414 3730 nol.
433 3676 477 3727 27.

159 3775 206 3840 29)
226 3778 260 3829 ci.
282 3777 386 3829 illabili.
409 3775 517 3830 loannis
541 3777 691 3846 delheliuq.
712 3777 773 3830 abb.
794 3779 863 3848 elog.
890 3779 954 3831 hirl-
983 3787 1040 3830 arla
1069 3775 1168 3828 Baned.

221 3881 289 3926 saec,
310 3863 355 3926 lu,
374 3883 399 3934 p,
423 3864 455 3926 ΙΙ,
473 3883 531 3935 pag.
554 3865 605 3917 567
624 3882 679 3934 req.

158 3965 206 4034 ³0)
226 3969 258 4020 ll.
281 3985 305 4020 e.
327 3969 457 4020 saxonem
477 3985 509 4019 ex
526 3969 666 4020 Germania
684 3965 840 4029 oriundum,
870 3977 900 4019 ul
925 3967 1015 4017 mullis
1034 3965 1164 4034 exemplis

221 4055 347 4124 probarit
366 4055 470 4109 blabill.
493 4057 511 4109 l.
525 4057 541 4107 Ι.
562 4075 587 4127 p.
606 4053 768 4108 508-bbu-.
807 4055 854 4106 Vir
879 4055 1048 4107 doctissimus
1072 4054 1165 4104 eristi-
