2938 4716
1149 331 1188 400 dl

161 513 287 576 duceret
305 529 421 594 suoque
439 509 508 576 loco
531 511 626 575 libera
649 511 857 574 confitendum.
889 513 1080 578 nitentum
1104 518 1198 597 primo
1244 561 1246 566 -

160 613 201 676 de
220 616 405 689 retunsus:
426 613 508 690 „Non
531 613 571 674 ita
593 629 657 674 sum
680 617 800 675 territus
823 616 1009 692 auctoritate,
1035 619 1201 679 autminus

161 715 316 795 capacium
336 715 501 774 animorum
524 729 694 792 expavesco
719 714 867 792 impetum,
897 721 929 776 ut
948 731 996 791 ea,
1029 733 1105 795 quae
1127 735 1199 778 vcra

159 817 240 878 ratio
261 814 343 876 clare
374 813 487 894 colligit
516 813 775 893 indubitanterque
809 813 930 892 dilinit,
968 822 1070 895 aperta
1102 815 1200 878 fronte

159 917 354 995 pronuntiare
378 913 559 994 confundar,
588 915 764 993 praesertim
785 931 851 976 cum
873 913 911 975 de
932 914 1039 977 talibus
1062 917 1200 980 nonnisi

160 1015 241 1076 inter
262 1015 413 1095 sapientes
434 1013 618 1076 tractandum
638 1015 694 1090 sit,
727 1013 834 1093 quibus
866 1013 907 1075 nil
938 1017 1059 1078 suavius
1091 1015 1202 1078 estad

160 1114 342 1176 audiendum
362 1131 434 1177 vera
456 1117 583 1188 ratione,
603 1114 644 1176 nil
669 1112 873 1176 delectabilius
895 1113 931 1174 ad
954 1116 1209 1200 investigandum„

161 1215 283 1296 wando
305 1217 465 1294 quaeritur,
489 1213 530 1274 nil
552 1213 700 1293 pulchrius
723 1213 761 1274 ad
784 1215 1051 1294 contemplandum,
1081 1217 1202 1299 quando

160 1313 351 1378 invenitur!“
392 1313 456 1375 lluc
479 1313 612 1388 accedit,
642 1312 722 1391 guod
751 1313 832 1376 Scotl
872 1315 967 1393 pietas
1006 1332 1078 1396 erga
1114 1317 1202 1378 deum

160 1414 253 1496 plane
274 1413 400 1492 insignis
421 1420 470 1475 est
489 1411 628 1487 dicenda,
648 1419 737 1492 atquc
758 1411 935 1476 Anastasius
959 1414 1203 1478 bibliothecarius

162 1515 259 1576 virum
285 1531 351 1574 eum
374 1513 527 1592 praedicat
548 1531 619 1592 ,per
642 1514 740 1575 omnia
762 1519 923 1575 sanctum.“
939 1553 980 1564 -

245 1613 397 1674 Postremo
419 1620 501 1675 certe
522 1631 633 1691 operae
654 1613 779 1694 prelium
801 1612 906 1675 facturi
927 1615 1071 1692 videmur,
1094 1615 1121 1678 si
1141 1615 1201 1695 illa,

162 1711 270 1793 quibus
283 1712 413 1793 Erigena
425 1712 619 1792 ,dialecticae
632 1729 706 1774 snae
722 1713 811 1774 artis‘
826 1731 910 1776 usum
923 1715 1053 1794 probare
1068 1723 1203 1793 conatur,

162 1815 196 1876 in
224 1819 380 1894 angrrstum
407 1810 530 1874 redacta
565 1812 760 1876 retulerimus.
801 1813 881 1876 Dicit
913 1814 1075 1895 igiturlttz
1112 1819 1201 1896 „Cum

162 1914 261 1974 omnis
291 1913 359 1992 piae
389 1910 601 1992 perfectaeque
632 1911 787 1984 doetrinae
817 1912 945 1990 modus,
981 1931 1039 1993 quo
1073 1917 1204 1979 omnium

160 2030 263 2076 rernm
283 2013 360 2074 ratio
385 2011 570 2092 apertissime
595 2012 762 2103 invenitur,
796 2015 826 2075 in
856 2011 1042 2093 philosophia
1064 2017 1102 2076 sit
1125 2033 1205 2077 con-

162 2112 293 2189 stitutus,
317 2111 356 2172 de
376 2113 441 2173 eius
465 2111 661 2174 divisionibus
683 2111 828 2193 quaedam
848 2119 918 2175 sunt
938 2113 1124 2175 disserenda.
1156 2117 1205 2180 Sic

162 2213 243 2274 enim
256 2275 259 2280 ,
272 2219 321 2288 (ut
341 2214 380 2274 ait
401 2229 426 2274 s.
448 2212 649 2294 Augustinus)
678 2212 810 2274 creditur
837 2229 916 2291 ,non
940 2213 1026 2274 aliam
1044 2229 1113 2276 esse
1135 2215 1205 2295 phi-

161 2303 330 2392 losophiam
353 2319 384 2372 et
403 2311 491 2372 aliam
513 2312 700 2393 religionem,
733 2329 799 2374 cum
821 2312 862 2388 hi,
894 2327 1017 2392 quorum
1040 2313 1205 2378 doctrinam

163 2429 226 2475 mon
240 2412 448 2494 approbamus,
469 2429 527 2476 neo
541 2418 728 2475 sacramenta
741 2413 897 2475 nobiscnm
910 2415 1206 2504 commupicant.“-·

165 2513 243 2587 Quid
265 2518 311 2574 est
332 2511 411 2575 aliud
433 2511 470 2573 de
488 2512 676 2593 philosophia
697 2515 836 2588 tractare,
858 2514 915 2574 nisi
934 2529 1026 2574 verae
1040 2513 1206 2600 religionis,

163 2633 223 2696 qua
245 2631 358 2676 summa
380 2614 509 2676 amnium
530 2631 629 2676 rerum
651 2629 751 2692 causa,
773 2612 857 2690 deus,
877 2619 908 2674 et
926 2612 1074 2676 humiliter
1087 2613 1205 2692 colitur,

165 2722 200 2776 et
220 2713 437 2780 rationabiliter
457 2715 663 2795 investigatur,
688 2713 810 2796 regulas
840 2713 1019 2793 exponere?
1047 2703 1207 2778 Conficitur

163 2816 247 2892 inde,
279 2833 381 2876 veram
402 2831 472 2878 esse
493 2814 708 2895 philosophiam
730 2831 834 2876 veram
854 2813 1043 2895 religionem,
1066 2817 1210 2876 'eonver-

164 2918 292 2996 mamre,
313 2931 415 2976 veram
435 2915 613 2994 religionem
637 2931 705 2976 esse
727 2930 829 2975 veram
850 2912 1077 2993 philosophiam.
1121 2912 1205 2987 Quae

164 3017 236 3080 dum
257 3014 443 3078 mvdtiisriam
467 3012 632 3090 dividatur,
665 3012 711 3074 bis
746 3011 840 3082 binas
864 3018 962 3072 tamen
993 3017 1094 3091 partes
1121 3013 1207 3092 prin-

165 3116 280 3197 cipales
322 3114 360 3177 ad
405 3131 524 3178 omnem
556 3113 763 3192 quaestionem
801 3110 975 3174 solvendam
1013 3113 1204 3206 necessarias
1268 3099 1270 3104 ’

164 3217 281 3280 babere
304 3215 500 3298 dignoscitur,
523 3231 596 3294 quas
616 3213 705 3275 latine
727 3229 884 3293 possumus
902 3211 1006 3274 dicere
1020 3210 1204 3292 divisoriam,

165 3317 364 3394 diffinitivam,
387 3315 669 3391 demonstrativam,
697 3311 897 3374 resolutivam.
939 3311 1048 3373 Earum
1070 3313 1206 3394 exempla

162 3420 197 3482 in
220 3435 367 3498 processu
385 3417 472 3478 huius
494 3417 594 3496 operis
629 3413 830 3476 ostendemus.
873 3411 925 3473 llis
957 3411 1036 3473 enim
1064 3419 1205 3493 tanquam

162 3518 229 3582 utili
251 3519 377 3599 quodam
401 3523 431 3579 et
451 3517 579 3579 honesto
608 3514 755 3577 humanae
781 3510 1019 3575 ratiocinationis
1048 3510 1204 3592 quadrivio

163 3618 205 3680 ad
226 3619 319 3698 ipsam
341 3615 508 3697 disputandi
528 3613 722 3695 disciplinam,
742 3631 818 3694 quae
839 3615 886 3672 est
906 3611 1026 3688 veritas,
1055 3610 1153 3672 omnis
1174 3609 1204 3669 in

164 3735 204 3782 ea
225 3717 359 3778 eruditus
380 3717 529 3798 perveniri
551 3731 613 3779 non
636 3714 757 3778 dubitat.
788 3712 880 3775 llulus
901 3709 1076 3792 disciplinae
1092 3705 1204 3791 regulis
