2934 4710
322 317 377 383 119

417 503 504 579 Quod
546 509 646 566 autem
677 502 820 564 nonnulla
853 501 1014 578 doctrinae
1044 505 1226 568 christianae
1259 507 1359 586 capita

316 605 394 670 lihro
414 621 470 668 suo
502 605 635 681 inseruit,
666 609 777 666 tantum
798 603 901 683 abest,
924 612 956 666 ut
976 605 1054 668 haec
1076 608 1160 668 istam
1184 606 1260 668 lihro
1286 625 1360 686 pra-

313 707 434 768 vitatem
467 707 621 780 exuerint,
656 709 688 766 ut
720 705 784 784 ipsa
815 721 933 784 quoque
969 713 1058 768 totam
1095 707 1161 768 lihri
1183 709 1359 786 pravitatem

317 825 385 872 cera
420 823 534 874 summa
566 823 619 868 sua
655 806 790 884 pernicie
811 806 970 870 induerint.
1014 808 1113 887 Atque
1136 806 1194 870 hoc
1217 807 1256 869 de
1277 805 1358 868 mul·
1393 862 1399 871 .

314 909 352 974 tis
375 910 506 990 ipsorum
528 908 585 968 iam
607 907 752 968 vidimus:
774 905 811 968 de
833 906 966 986 pluribus
981 909 1070 970 etiam
1086 925 1155 970 esse
1177 907 1356 972 videbimus.

412 1009 550 1072 Celerum
583 1006 776 1070 Schlueterus
806 1006 863 1068 hac
895 1007 925 1068 in
955 1025 990 1071 re
1027 1026 1066 1070 ne
1095 1008 1212 1071 somnio
1233 1007 1356 1087 quidem

311 1111 465 1191 cogitasse
497 1106 633 1185 videtur,
665 1123 752 1187 quam
790 1106 952 1188 diligenter
974 1109 1061 1171 etiarn
1082 1107 1144 1182 illi,
1178 1108 1229 1187 qui
1247 1112 1356 1170 nostru

313 1217 412 1274 aetate
433 1207 647 1287 pantheisnrum
669 1206 791 1285 docent,
813 1207 978 1276 eorundem
998 1208 1182 1271 christianae
1197 1206 1356 1288 religionis

310 1313 436 1392 capitum
458 1309 577 1372 nomina
599 1308 704 1370 sellem
726 1309 883 1370 retineant.
1265 1371 1268 1382 ,

408 1410 441 1471 V.
483 1408 675 1472 Schlueterus
692 1419 737 1486 (p.
753 1407 834 1484 Vl.):
857 1406 1064 1488 ,Erigonam“,
1084 1407 1135 1484 ait,
1154 1406 1253 1485 ,multi
1274 1405 1356 1468 mul-

309 1511 347 1572 tte
369 1509 468 1572 modis
487 1525 642 1588 perperam
665 1506 849 1576 intellexere.
900 1507 986 1568 llaud
1009 1505 1097 1568 lacile
1118 1505 1354 1586 unumquodque

309 1610 374 1670 eius
409 1607 530 1684 dictum,
564 1609 590 1668 si
613 1623 662 1693 ¹eu
681 1607 827 1668 orationis
850 1613 991 1668 contextu
1015 1606 1216 1686 abrumpatur,
1241 1606 1354 1667 delen-

308 1709 381 1772 dere
403 1725 506 1787 queas.
564 1706 603 1768 At
628 1705 777 1768 allirmare
811 1705 966 1784 audemus,
987 1725 1066 1785 oum,
1091 1707 1116 1770 sl
1139 1712 1230 1768 totum
1251 1706 1352 1788 respi-

303 1809 377 1885 cias,
398 1808 538 1870 amussim
561 1808 855 1886 veritatisnusquam
877 1814 1096 1889 transgressum
1119 1813 1216 1870 esse.“

386 1907 469 1969 llaec
494 1907 586 1970 verba
605 1907 777 1988 significare
800 1909 949 1987 videntur,
972 1908 1175 1972 Solrlueterum
1194 1925 1255 1970 non
1279 1907 1349 1966 sin-

302 2009 372 2092 gula
391 2009 543 2088 Erigonae
566 2009 665 2084 dicta,
703 2025 780 2088 qnae
801 2008 851 2070 laic
872 2007 932 2070 illic
954 2016 1125 2086 occurrant,
1150 2009 1256 2089 quihus
1276 2006 1348 2069 Eri.

299 2127 379 2191 gena
403 2111 608 2190 impugnetur,
640 2110 668 2170 in
693 2107 821 2170 medium
844 2107 943 2187 allata,
964 2107 1021 2170 scd
1041 2107 1080 2171 ad
1101 2109 1223 2172 intimos
1242 2105 1346 2188 philo'-

302 2211 427 2291 sophiae
439 2209 640 2291 Erigenianoc
661 2225 814 2287 recessus,
836 2217 868 2270 ut
890 2210 937 2271 his
956 2210 1048 2289 «locis,
1070 2209 1140 2290 quid
1157 2210 1221 2290 ipse
1240 2225 1344 2271 rerum

301 2316 380 2392 agal,
418 2310 632 2389 perspiciatur,
654 2317 837 2389 penetratum
862 2309 947 2371 velle.
974 2311 1058 2383 Quae
1079 2307 1166 2386 ratio,
1188 2311 1214 2371 si
1237 2327 1342 2370 verum

296 2409 452 2485 fateamur,
476 2425 664 2489 surnmopere
688 2409 776 2472 nohis
798 2409 940 2490 placeret.
984 2409 1040 2471 llio
1062 2417 1160 2472 autern
1184 2427 1292 2474 sensus
1308 2412 1341 2472 in

297 2509 355 2572 iltis
379 2509 480 2572 verbis
513 2511 613 2570 inesse
640 2525 700 2569 non
726 2515 841 2588 potest,
864 2516 1022 2588 propterea
1043 2510 1123 2590 quod
1144 2518 1339 2590 sequeretur,

298 2609 503 2672 Schlueterum
530 2599 581 2670 'illa
603 2609 667 2688 ipsa
690 2610 807 2672 rah'one
828 2611 996 2704 impugnari
1017 2610 1168 2688 vetuisse,
1191 2628 1249 2690 qua
1272 2611 1340 2691 ipse

293 2707 324 2770 in
348 2707 540 2772 deterrendo
567 2715 614 2772 est
633 2725 713 2772 usus.
737 2745 776 2758 -

393 2809 457 2872 lloc
486 2809 565 2870 enirn
594 2827 632 2872 ex
666 2811 723 2886 iis,
758 2827 834 2889 quae
856 2809 955 2872 adhuc
975 2811 1012 2872 ab
1038 2811 1102 2874 eius
1124 2809 1224 2872 libello
1249 2809 1340 2872 nobis

292 2910 477 2991 suppeditata
509 2917 588 2988 sunt,
620 2909 687 2972 luce
716 2917 762 2971 est
782 2909 902 2986 clarius,
925 2913 1020 2991 ipsum
1043 2913 1072 2972 in
1095 2910 1229 2974 occultos
1253 2912 1340 2973 istius

292 3009 499 3090 philosophiae
534 3011 617 3072 sinus
653 3026 712 3070 non
749 3017 945 3089 penetrasse,
977 3027 1045 3086 nec,
1076 3017 1108 3070 ut
1129 3009 1256 3086 videtur,
1279 3028 1338 3088 pe-

291 3117 411 3172 netrare
444 3109 585 3170 voluisse.
642 3109 843 3190 Quapropter,
878 3111 957 3190 quod
992 3111 1029 3171 dc
1052 3117 1114 3172 tota
1136 3114 1199 3172 cius
1222 3111 1337 3172 delen-

290 3212 378 3272 sioue
412 3209 558 3288 diximus,
601 3227 660 3272 non
693 3211 799 3273 iniuria
829 3229 844 3274 a
878 3211 966 3274 nobis
999 3195 1108 3272 dictum
1145 3211 1337 3274 arbitramur.

291 3307 369 3380 Quid
402 3309 480 3370 enim
510 3309 541 3370 in
573 3311 665 3372 Scolo
697 3309 891 3374 delendendo
919 3313 1066 3390 antiquius
1088 3309 1200 3372 habere
1224 3311 1338 3388 debuit,

292 3425 379 3488 quam
415 3414 446 3470 ut
477 3409 506 3473 tt
538 3410 633 3490 ipsum
663 3409 891 3492 diligentissime
928 3417 1096 3493 perageret,
1131 3410 1212 3491 quod
1246 3409 1337 3491 plane
1444 3439 1445 3451 κ

288 3507 447 3590 neglexit?
463 3541 505 3556 -
938 3558 941 3564 .

372 3607 507 3686 Denique
539 3610 628 3672 etiem
660 3608 719 3672 hoc
741 3609 898 3673 dicendum
924 3617 980 3688 est,
1003 3627 1060 3673 nos
1082 3609 1218 3691 prolecto
1240 3608 1335 3690 igno·
1442 3605 1443 3635 ¹

289 3723 375 3783 rare,
406 3705 521 3786 qualem
558 3711 681 3772 omnino
716 3709 773 3772 sihi
797 3710 916 3772 linxerit
936 3710 1149 3789 penthcismum
1171 3711 1334 3791 animoque
1440 3765 1441 3768 ,

290 3807 474 3885 conceperit.
518 3808 627 3870 Scribit
643 3811 721 3888 enim
736 3817 781 3890 (p.
804 3810 918 3885 Xlll.):
940 3809 1122 3890 ,rNornulip
1153 3811 1231 3872 inter
1252 3827 1332 3889 quos

287 3905 464 3967 numerandi
496 3907 634 3974 videatur
662 3907 765 3974 Thoar.
797 3910 959 3989 ttoorern,
988 3911 1039 3979 llr.
1071 3910 1104 3972 C.
1126 3911 1161 3972 F.
1184 3909 1331 3990 llocltius,

290 4005 492 4068 recentiorum
528 4014 732 4090 systematum,
755 4027 847 4073 verae
865 4009 994 4074 libertati
1017 4009 1197 4074 christianae
1218 4025 1333 4091 specu·
1437 4017 1438 4093 l
