2944 4714
715 171 869 266 „Q-

251 369 283 428 et
297 359 396 428 forma
410 359 442 426 in
459 357 519 424 illis
536 358 657 440 tradita,
674 359 836 426 observata
853 361 1043 437 inserentur,
1056 357 1262 440 praesentibus
1274 375 1341 444 pro

251 451 442 514 sufficienter
459 449 617 529 expressis
632 447 792 526 babentes,
815 445 876 512 illis
900 448 976 512 alins
1003 449 1035 511 in
1056 463 1114 510 suo
1130 448 1245 516 robore
1259 468 1342 529 per·

251 539 404 602 mansuris
426 536 484 600 bac
507 537 575 598 vice
599 534 755 610 dumtaxat
777 534 954 618 specialiter
978 541 1010 600 et
1025 535 1173 616 expresse
1201 537 1343 618 deroga-

252 644 330 704 mus,
345 623 509 690 conlroriis
525 623 777 704 quibuscumque.
809 623 873 686 Aut
887 623 915 685 sl
931 621 1042 704 aliquis
1058 625 1272 698 communiter,
1288 623 1344 688 rel

253 713 377 776 divisim
395 712 431 774 ab
448 710 554 774 endem
570 711 611 772 sit
625 709 699 772 sude
715 709 878 788 indultum,
903 709 986 790 quod
1004 710 1159 786 interdici,
1182 711 1344 790 suspendi,

253 798 305 866 uel
318 797 590 876 excommunicari,
606 804 659 860 aut
674 804 772 875 extra,
788 795 837 860 rol
853 796 932 860 ultra
948 803 1031 860 certa
1045 797 1124 872 loca,
1140 797 1176 862 ad
1190 797 1344 877 judiciuin

254 891 378 951 evocari
395 905 457 950 non
474 885 603 966 possint,
619 903 675 966 pcr
691 884 808 954 litteras
824 883 1011 966 apostolicas
1027 879 1089 948 n'on
1105 886 1254 950 l'acienlos
1269 885 1346 964 ple-

254 993 337 1052 nam,
354 982 384 1037 ct
399 991 592 1055 expressam,
608 990 645 1034 ac
659 970 697 1036 de
714 969 810 1036 verbo
827 971 1022 1051 adverbum,
1039 973 1079 1036 de
1094 971 1214 1036 indulto
1229 972 1346 1054 bup'us-

255 1061 337 1126 modi
356 1065 553 1126 mcntionem.
894 1123 897 1130 ,
1030 1073 1033 1079 ’

341 1147 425 1214 Nulli
441 1165 518 1230 ergo
534 1147 693 1211 bominum
709 1146 834 1211 omnino
852 1146 942 1210 licent
957 1146 1037 1210 hano
1059 1147 1200 1229 paginam
1217 1153 1348 1214 nostrae

256 1235 511 1321 approbationis,
537 1233 798 1312 confirmationis,
820 1235 1039 1316 suppletionis,
1062 1235 1258 1316 adiectionis,
1287 1235 1349 1298 de·
1370 1241 1389 1274 ⁶
1441 1281 1442 1284 ,

257 1325 345 1402 creti,
361 1323 476 1399 statuti,
493 1319 709 1400 ordinationis,
725 1322 951 1399 concessionis,
967 1320 1076 1384 indulti
1087 1321 1268 1394 voluntatis,
1286 1343 1350 1388 cx·-
1441 1319 1442 1322 ’

257 1413 421 1486 tensionis,
444 1409 742 1487 communicationis,
766 1408 967 1490 elargitionis,
990 1407 1134 1487 mandati,
1158 1417 1189 1472 et
1206 1408 1350 1492 deroga·

257 1497 352 1563 lionis
369 1497 552 1578 infringere,
572 1495 621 1560 rel
637 1497 666 1560 ei
683 1515 760 1560 ausu
777 1497 941 1560 temerario
958 1483 1133 1560 codtrarie:
1157 1497 1184 1560 si
1201 1497 1272 1576 quis
1288 1516 1351 1562 an·

259 1593 320 1650 tem
337 1585 397 1650 boc
411 1589 591 1664 attemperat
612 1583 853 1666 presumpserit,
877 1583 1121 1664 indignationem
1145 1585 1350 1664 omnipoten·
1442 1623 1443 1654 r

259 1673 299 1739 lis
314 1674 384 1749 Dei,
409 1689 445 1736 uc
467 1673 625 1736 beatorum
640 1671 722 1734 Petri
744 1679 776 1734 et
791 1671 874 1734 Pauli
890 1672 1112 1752 Apostolorum
1137 1670 1292 1752 ejusdcm,
1317 1691 1351 1734 sc
1442 1669 1443 1678 ³

259 1761 383 1828 noverit
399 1761 604 1823 incursurum.
627 1759 736 1822 Datum
752 1757 857 1824 lionae
874 1757 953 1840 apud
966 1759 1109 1822 Sanctum
1126 1759 1248 1822 Petrum
1265 1751 1350 1824 anno

260 1847 484 1914 lucarnationis
499 1844 669 1910 flaminicae
686 1845 900 1911 ll.D.XXXlX.
924 1846 1025 1928 pridie
1047 1845 1195 1910 kalendas
1219 1847 1352 1910 decem-

259 1933 325 2002 bris
340 1933 536 2000 Pontificalus
551 1935 650 1997 nostri
662 1952 743 1996 anno
760 1941 859 1998 sexto.
1270 1994 1275 2003 ,

348 2023 385 2087 Et
399 2021 511 2084 deinde
527 2040 594 2083 cum
612 2022 786 2102 prelibatus
801 2022 860 2085 sel.
875 2019 948 2084 nec.
964 2020 1075 2085 Paulus
1091 2021 1167 2102 Papa
1180 2021 1231 2086 lll.
1248 2021 1350 2086 infra·

266 2113 411 2190 scriptam
428 2109 696 2185 constitutionem,
722 2127 779 2172 seu
801 2116 916 2172 motum
943 2111 1102 2190 proprium
1126 2109 1298 2186 edidisset,
1322 2117 1352 2172 ct

263 2199 413 2284 publicari
428 2197 563 2273 fecisset,
586 2194 823 2271 constitutionis,
847 2215 904 2260 seu
920 2203 1021 2260 motus
1037 2198 1156 2279 proprii
1172 2197 1350 2276 bajusnrodi

265 2293 416 2368 teporem,
433 2285 524 2348 ctiam
540 2284 744 2364 presentibus
767 2285 864 2358 inseri
878 2282 1019 2362 fecimus,
1036 2286 1088 2364 qui
1105 2283 1173 2348 talis
1188 2293 1247 2350 est.

351 2373 460 2438 Paulus
476 2370 555 2452 Papa
570 2369 622 2434 lll.
641 2378 725 2435 motu
741 2371 878 2452 proprio,
893 2377 953 2436 ctc.
990 2371 1037 2436 Ad
1061 2373 1194 2436 futuram
1220 2373 1268 2439 rei
1281 2391 1351 2436 arc-

266 2462 405 2528 moriam.
452 2457 501 2523 Ad
526 2457 685 2538 providam
716 2460 1024 2540 circumspectionem
1048 2459 1138 2526 Sedis
1162 2459 1351 2542 apostolica

267 2551 424 2632 pertinere
440 2545 642 2628 dignoscitur,
658 2552 692 2610 ut
706 2565 927 2628 nonnunquam
937 2564 1151 2629 coucessaper
1166 2565 1235 2612 earu
1245 2550 1352 2629 (prout

268 2635 477 2718 negotiorum,
493 2638 524 2694 ct
539 2638 710 2713 temporum
728 2633 890 2715 qualitates
907 2635 1054 2717 exigunt)
1071 2634 1206 2716 ampliet,
1232 2633 1283 2700 uel
1296 2651 1350 2698 re-

268 2725 413 2806 stringat,
431 2727 523 2802 prout
539 2721 569 2784 in
586 2721 719 2786 Domino
736 2722 886 2804 prospicit
900 2721 1067 2786 salubriter
1082 2722 1244 2804 expedire.

357 2810 564 2876 Attendenles
585 2809 688 2890 itnque
705 2809 786 2890 quod
803 2827 887 2890 saepe
903 2828 1032 2874 nurnero
1047 2811 1201 2892 contingit
1223 2807 1353 2874 diuersis

268 2895 431 2975 Ecclesiis,
447 2897 655 2976 blonastariis,
670 2895 890 2978 llospitalibus,
906 2899 1123 2976 societatibus,
1139 2897 1354 2962 confraterni-

269 2988 398 3063 tatibus,
421 2991 453 3048 et
467 2984 536 3048 aliis
551 2983 629 3048 locis
653 2984 722 3064 piis,
746 2983 965 3066 multiplicibus
981 3004 1022 3048 ex
1037 2987 1150 3062 causis,
1173 3002 1230 3065 per
1245 2983 1354 3050 Sedena

270 3075 412 3152 candem,
429 3071 520 3134 etiam
537 3088 591 3152 per
608 3070 797 3152 nosdiversa
811 3071 984 3154 privilegia,
1000 3071 1172 3149 facultates,
1187 3071 1354 3153 induissen-

264 3165 339 3250 ‚tias,
357 3168 387 3225 el
403 3153 613 3242 alias'gralios,
629 3159 766 3223 adinstar
781 3159 1030 3244 privilegiorum,
1046 3160 1235 3234 facultatum,
1251 3157 1354 3222 indal-

271 3250 456 3334 gcntiarum,
473 3253 504 3308 et
518 3245 645 3310 aliarum
661 3249 841 3330 gratiarum,
856 3246 1000 3330 hospitali
1016 3254 1124 3312 nostro
1140 3246 1245 3312 Sancti
1255 3246 1354 3328 Spiri-

272 3348 321 3403 tus
338 3337 369 3400 in
386 3335 490 3410 Saxia,
506 3333 663 3397 societatis
680 3335 848 3414 charitalis,
872 3342 903 3398 cl
917 3334 986 3400 aliis
1002 3333 1143 3416 ecclesiis
1159 3343 1190 3398 ct
1205 3329 1286 3398 locis
1299 3332 1353 3414 piis

272 3427 360 3492 alnrae
376 3423 467 3488 Urbis
483 3429 609 3498 nostrae,
635 3430 666 3486 ct
691 3424 797 3486 forsan
818 3423 948 3486 aliorum
970 3421 1110 3488 locorum
1134 3437 1354 3492 concessarum·

273 3509 400 3579 concedi
424 3517 455 3574 et
480 3507 653 3592 indulgeri,
678 3517 708 3574 et
730 3513 809 3574 sicat
834 3511 926 3574 habet
948 3509 1006 3574 lde
1027 3509 1194 3592 dignorum
1218 3509 1356 3580 assertio,

269 3599 416 3666 nonnulli
435 3596 648 3676 ecclesiarum,
672 3595 879 3680 hospitalium,
902 3599 1097 3674 societatum,
1121 3595 1357 3662 confraternita-

275 3696 350 3766 tum,
368 3694 398 3750 et
414 3684 544 3751 aliorum
562 3683 700 3748 locorum
717 3683 1104 3766 praedictorumllectores
1121 3685 1356 3756 Gubernatorat,

277 3773 456 3851 Guardiani,
480 3780 510 3835 et
534 3769 586 3836 alii
604 3769 759 3838 Officiales
776 3780 805 3836 ct
821 3773 964 3846 llinistri,
990 3771 1166 3855 privilegia,
1193 3769 1357 3840 facultates,

277 3859 497 3942 indulgentias,
514 3867 546 3924 et
560 3857 635 3923 alins
651 3863 776 3941 gratiss,
793 3863 839 3924 eis
854 3879 911 3942 per
921 3859 1031 3924 dictam
1045 3859 1280 3941 generalitatem
1289 3873 1357 3920 rer-

274 3947 397 4025 borum,
425 3966 479 4029 per
495 3949 604 4011 dictam
621 3947 733 4012 Sedcm
759 3966 919 4023 concessa,
942 3946 979 4010 ad
996 3947 1171 4029 privilegia,
1192 3945 1358 4016 facultates,

31 4099 32 4110 ,
277 4036 496 4118 indulgentias,
513 4040 543 4098 et
558 4034 633 4098 alias
649 4037 776 4116 gratias,
800 4035 980 4098 nominatim
1000 4041 1031 4096 et
1045 4033 1190 4116 specifica
1205 4032 1287 4097 dicto
1302 4029 1359 4094 bo·

31 4115 33 4203 l
277 4123 379 4212 spitali
396 4123 426 4192 S.
444 4123 585 4206 Spiritus,
601 4125 741 4188 societati
758 4123 925 4200 charitatis,
949 4128 979 4185 et
1002 4119 1070 4186 aliia
1085 4119 1164 4186 locis
1180 4121 1239 4202 piis
1251 4117 1355 4187 forsan
