2934 4710
768 601 798 671 §-
822 593 872 658 54.

402 749 633 832 „Plantationeru
652 749 713 828 dei,
733 749 904 830 paradisum
925 748 954 808 io
970 745 1055 809 lidan
1070 764 1132 810 non
1153 747 1232 809 aliud
1253 745 1352 810 luisse

304 851 449 929 dicimus,
471 851 529 913 nisi
564 849 660 931 ipsam
680 849 837 912 humanam
858 855 1013 926 naturam,
1034 854 1179 928 quatenus
1201 849 1239 911 ab
1261 849 1352 911 initio

306 951 346 1014 ad
367 952 527 1033 imaginem
559 951 609 1014 dei
636 949 682 1027 (ln.
705 967 732 1012 a.
757 951 788 1012 in
823 949 979 1032 principali
1004 965 1058 1010 suu
1084 948 1244 1030 dignitate)
1268 949 1353 1011 lacta

305 1057 406 1114 esset:
427 1053 457 1113 in
488 1069 525 1112 ea
557 1051 669 1132 lignum
698 1051 778 1112 vitae
811 1049 955 1125 (Verbum
978 1049 1119 1110 videlicet
1139 1049 1251 1129 Patris)
1276 1065 1352 1111 om-

306 1169 374 1212 nern
396 1150 591 1214 fructificabat
615 1152 723 1229 uitam3
744 1153 775 1213 in
798 1151 863 1212 eius
883 1150 982 1211 medio
1004 1150 1074 1211 tous
1097 1151 1226 1212 omniurn
1247 1150 1354 1212 bono.

306 1267 371 1313 rum
391 1251 514 1324 (eadem
548 1251 688 1313 videlicet
711 1251 812 1312 diuina
833 1249 996 1330 sapientia)
1019 1249 1181 1326 manabat3
1209 1253 1354 1329 quattuor

309 1350 534 1427 ductamina,
566 1370 605 1414 ex
638 1369 699 1414 uno
726 1350 808 1414 lonte
830 1350 992 1424 manantia,
1013 1356 1083 1412 sunt
1101 1355 1241 1428 quattuor
1261 1351 1354 1429 prin-

309 1449 422 1530 cipales
457 1453 575 1514 animae
608 1453 752 1527 uirtutes,
785 1467 823 1514 ox
847 1467 906 1514 una
927 1450 1073 1529 sapientia
1096 1448 1287 1529 profluentes,
1311 1467 1354 1512 ex

310 1551 417 1630 quibus
438 1553 535 1614 omnis
557 1551 651 1614 virtus
673 1558 703 1612 et
725 1554 803 1613 bona
825 1552 960 1630 operatio
981 1556 1105 1612 sontem

409 1649 508 1729 „Unus
531 1650 621 1712 homo
644 1651 673 1711 in
694 1651 834 1729 paradiso
858 1649 903 1725 (tr.
930 1666 957 1709 e.
981 1649 1010 1710 io
1034 1648 1083 1710 illa
1099 1647 1249 1711 felicitatis
1271 1665 1354 1710 con-

310 1729 440 1828 ditione}¹
474 1750 582 1812 dicitur
612 1757 748 1828 oreatus,
784 1767 842 1830 quo
871 1750 901 1810 in
936 1749 1057 1811 homine
1079 1754 1109 1810 et
1130 1749 1177 1811 uir
1196 1755 1226 1810 et
1245 1733 1356 1811 mulier

311 1851 489 1928 [secuudum
517 1857 617 1931 patres
649 1849 725 1935 [Ὁ]
750 1849 933 1932 intelligitur.
981 1849 1033 1912 Vir
1054 1856 1101 1912 est
1123 1851 1247 1926 enimus,
1268 1848 1357 1926 νδυς,

311 1952 473 2016 universae
505 1957 630 2016 naturae
656 1952 804 2016 humanae
828 1950 1025 2030 praesidens:
1048 1950 1154 2012 mulier
1175 1957 1222 2012 est
1242 1967 1354 2012 sensus

312 2068 491 2132 corporeus,
515 2049 687 2134 αἴσθησις,
719 2053 769 2116 cui
787 2052 906 2114 incaute
929 2052 1123 2116 consentiens
1145 2053 1261 2114 animus
1281 2069 1357 2131 par·
1417 2111 1419 2114 .

311 2149 398 2214 ditur.
453 2152 510 2226 Qui
545 2151 600 2215 luit
629 2153 659 2214 in
689 2151 739 2214 illo
769 2151 911 2231 paradiso
943 2153 1075 2232 Serpens
1114 2189 1150 2200 -
1182 2158 1228 2214 ost
1251 2151 1358 2214 illicita

312 2250 483 2330 delectatio,
512 2269 570 2332 qua
602 2269 649 2330 ea,
673 2270 749 2334 quac
771 2253 922 2316 carnatem
944 2269 1064 2316 sensum
1087 2251 1245 2330 delectant,
1267 2251 1358 2316 dam-

311 2353 452 2416 nabiliter
483 2355 743 2432 concupiscuntur.
774 2393 814 2403 -
849 2354 1004 2433 Postquam
1037 2352 1127 2416 trumo
1160 2353 1189 2416 in
1211 2369 1357 2432 soporem

268 2487 270 2494 ·
311 2445 418 2516 incidit
440 2459 471 2516 et
492 2453 683 2531 obdormivit,
705 2453 778 2518 deus
801 2471 840 2516 ex
863 2454 954 2532 ipsius
972 2458 1056 2514 costa
1080 2454 1151 2516 t'ecit
1178 2453 1356 2517 mulierem:

309 2551 343 2616 h.
366 2570 394 2616 c.
414 2570 502 2632 quum
524 2554 614 2616 horno
646 2553 724 2616 illam
758 2554 849 2618 animi
877 2554 1081 2626 intentionem,
1099 2571 1162 2633 apua
1183 2571 1304 2632 seruper
1327 2561 1358 2616 ot

312 2651 514 2715 inflexibiliter
536 2661 703 2720 creatorem
728 2672 813 2719 suum
834 2653 1028 2734 contemplari
1053 2653 1210 2735 debuerat,
1239 2655 1279 2716 ad
1297 2655 1358 2717 de·
1437 2651 1442 2660 “

312 2751 492 2824 tentationes
514 2773 613 2816 rerum
637 2755 832 2819 materialium
856 2755 1026 2818 rellerrisset
1048 2762 1078 2816 et
1101 2755 1231 2818 carnalis
1255 2771 1356 2834 copu-

312 2851 363 2918 lae
382 2855 513 2934 appetitu
532 2853 677 2936 dedisset,
700 2873 735 2918 se
758 2858 852 2936 ipsum
875 2856 997 2918 omnino
1025 2861 1168 2921 aeternae
1188 2855 1225 2916 a‘c
1246 2855 1358 2918 beatae

315 2955 575 3034 contemplationis
605 2957 712 3037 uigore
746 2957 929 3038 segregavit,
950 2954 979 3016 iu
1001 2954 1231 3018 delectationem
1253 2956 1359 3018 sensi-

314 3056 425 3134 bilium,
449 3058 530 3118 omni
551 3058 658 3119 virtute
682 3057 854 3133 evacuatus,
878 3058 997 3135 cecidit,
1018 3057 1157 3119 sensibus
1190 3056 1359 3136 spirituali-

314 3157 370 3220 bus
393 3159 510 3238 peoitus
531 3158 668 3220 recessit.
722 3159 849 3232 Quando
881 3164 978 3221 nutem
999 3157 1088 3220 homo
1107 3158 1146 3220 ita
1170 3157 1209 3220 da
1229 3165 1359 3220 naturae

315 3277 389 3324 suae
416 3259 560 3340 dignitate
581 3257 681 3340 lapsus
699 3267 775 3336 arat,
796 3261 884 3322 etiam
907 3260 953 3322 sui
973 3257 1151 3324 divisionem
1174 3260 1205 3320 in
1220 3259 1359 3322 maritum

315 3366 346 3422 et
368 3359 518 3435 laminam,
536 3376 679 3440 suamque
702 3363 740 3424 ad
759 3358 979 3424 similitudinem
1006 3375 1147 3440 pecorum
1161 3359 1359 3440 propagatio.

315 3475 394 3540 nom,
418 3465 599 3524 consecutus
618 3465 692 3526 est‘t

414 3561 515 3637 „Licet
545 3560 645 3640 plures
677 3561 780 3622 harum
804 3577 903 3624 rerum
924 3575 941 3622 a
964 3574 1053 3620 sacra
1073 3558 1231 3636 scriptura,
1270 3558 1360 3636 quasi

242 3686 248 3700 =
316 3665 387 3726 ante
408 3659 538 3724 hominis
561 3677 664 3727 casum
686 3659 796 3736 lactan,
819 3665 987 3738 narrentur,
1007 3658 1067 3722 troc
1087 3663 1212 3719 nostrae
1231 3663 1361 3722 senten·-

315 3762 375 3824 tiao
396 3777 457 3822 non
477 3766 640 3842 repugnat:
679 3777 776 3840 oeque
808 3761 887 3822 enim
921 3762 1112 3840 ignoramus,
1135 3757 1360 3822 usitatissimum

314 3879 383 3924 esse
403 3861 524 3924 diuinae
547 3862 712 3938 scripturae
734 3867 872 3940 tropum,
906 3862 956 3940 qui
980 3879 996 3924 a
1019 3859 1144 3924 Graecis
1165 3895 1206 3908 -
1225 3853 1361 3941 daurom

314 3958 467 4041 πρότερον
495 3962 564 4022 siva
600 3958 777 4043 πρόληψις,
804 3979 821 4024 a
850 3960 962 4024 Latims
984 3995 1024 4010 ·-
1047 3965 1271 4040 praeposterum
1292 3960 1359 4022 aira

314 4063 486 4143 anticipatio
511 4067 664 4124 uocatur.“
691 4061 754 4138 (tv,
783 4059 929 4144 16-23.)
950 4099 987 4113 -·
