2944 4714
594 251 748 356 Α

123 442 194 512 alno
208 444 351 528 periculo
366 445 493 529 tollitur,
516 447 567 512 iric
589 469 657 514 cum
681 451 867 516 detrimento
885 447 1133 534 irrecuperabili,
1156 453 1216 517 nisi

122 535 337 614 resipiscatur,
353 544 485 600 erratur.
1079 569 1084 578 ÷
1128 547 1130 554 '
1209 539 1215 574 ²

207 620 436 702 arpogiacum
451 639 529 706 ergo
545 629 576 686 et
591 624 704 688 clama:
735 624 854 705 infolio
875 643 933 707 eqo
947 626 1038 688 lrorno
1046 644 1057 698 ,·
1084 627 1157 708 quis
1168 640 1217 690 me

123 706 271 774 inmoto
285 709 325 771 dc
339 725 473 788 corporo
487 712 598 773 mortis
620 711 735 792 iujos!
779 711 817 774 Et
839 714 1041 793 respondebit
1061 711 1118 775 tibi
1134 731 1217 794 apo-

123 793 233 858 stottoo
254 795 441 860 comitiano:
473 795 585 860 Gratia
600 797 661 860 net
680 816 741 878 per
754 797 861 861 iesum
881 799 1038 862 Uiriatum
1059 795 1217 861 dominum

122 889 274 944 nostrum.
313 881 402 957 Ooocl
428 889 460 944 ct
485 887 511 948 si
528 885 681 948 credimus
703 905 813 948 ucrmn
836 903 908 950 csse
932 903 995 949 non
1010 885 1137 950 libcrari
1155 887 1216 949 lio-

123 971 236 1032 minem
253 987 315 1033 non
331 969 430 1034 solum
447 989 464 1032 a
481 971 619 1034 molestia
635 971 804 1054 spiritualis
820 991 943 1056 pugno,
967 975 1074 1054 (quim
1099 975 1167 1036 siue
1184 973 1216 1036 ln

123 1054 195 1119 loco
212 1062 341 1120 mortem
357 1055 508 1140 appellat)
535 1057 590 1122 scd
613 1077 670 1121 nec
686 1077 702 1122 a
719 1061 842 1122 miseria
859 1078 1011 1134 errorum,
1032 1061 1093 1123 nisi
1117 1060 1217 1140 gratia

122 1143 181 1205 liei
205 1143 379 1223 perlectam
396 1143 551 1212 Christum
573 1145 730 1211 domiuum
746 1153 902 1225 nostrum
916 1145 1039 1210 'nolim
1061 1153 1162 1210 mon
1184 1147 1216 1208 id

121 1228 339 1312 intelligimus,
359 1232 386 1294 si
409 1230 560 1295 humano·
573 1240 690 1298 natura
705 1235 937 1298 concretionem
954 1240 984 1296 et
999 1235 1062 1296 vim
1078 1250 1147 1314 quo
1163 1233 1216 1294 ni-

123 1317 234 1379 mirum
253 1320 283 1379 in
299 1333 394 1381 sensu
410 1321 552 1400 corporis
568 1324 598 1381 ct
614 1321 706 1383 animi
722 1319 885 1384 intellectu
904 1327 966 1384 tota
983 1325 1112 1397 consini,
1130 1317 1216 1382 uitt-

122 1406 235 1484 genter
250 1405 466 1484 inspiciamus:
491 1404 610 1488 etquid
626 1425 683 1488 per
702 1413 877 1489 utrumqne,
902 1407 1017 1488 quidue
1040 1425 1097 1488 per
1119 1404 1216 1469 alter-

122 1497 225 1556 utrum
241 1491 352 1564 voleat,
368 1493 505 1557 breviter
520 1497 776 1574 perstringemus.
798 1497 876 1560 Sunt
891 1509 1023 1576 namque
1038 1492 1131 1556 multa
1147 1493 1217 1574 quae'

121 1577 194 1640 aulo
212 1595 309 1640 sensu
324 1581 467 1659 corporis
482 1583 612 1662 agimus,
639 1582 721 1643 sicut
735 1580 843 1643 andire
859 1587 890 1642 et
902 1581 1009 1643 videre
1018 1603 1027 1658 ;
1053 1579 1215 1660 pleraque,

121 1663 204 1726 sicut
224 1665 332 1746 legere
356 1673 387 1727 ct
401 1667 549 1742 scribere,
575 1685 643 1746 quae
667 1669 871 1735 communiter
897 1683 1007 1730 sensas
1028 1685 1096 1729 cum
1118 1667 1216 1730 intel-

121 1749 205 1812 tectu
221 1751 422 1816 administrat.
459 1751 590 1815 Plurima
607 1771 682 1818 vcro
697 1753 735 1816 od
752 1769 821 1834 quae
840 1753 945 1816 sensui
961 1751 1063 1816 nuilus
1085 1769 1215 1834 prorsus

122 1851 275 1900 accensus
290 1855 360 1902 esso
375 1844 489 1919 potest,
513 1841 594 1902 sicut
614 1839 652 1903 acl
673 1841 826 1904 rationem
842 1855 1052 1915 numeroram,
1073 1837 1112 1900 ad
1136 1855 1216 1919 pro-

122 1924 286 2004 portiones
300 1941 461 2002 sonorom,
488 1934 519 1988 ct
535 1928 661 1991 omnino
677 1926 715 1992 ad
730 1929 877 1990 notiones
892 1939 994 1989 rerum
1011 1927 1216 2004 incorporea·

122 2026 204 2087 rum,
227 2023 297 2092 quo‘
313 2013 415 2076 omnio
431 2013 577 2092 qualilict
592 2013 779 2087 intellectus,
801 2013 855 2075 secl
879 2029 974 2093 purus
997 2019 1098 2092 utque,
1122 2012 1216 2074 etiarn

122 2113 183 2165 tim
198 2097 320 2161 limatos
335 2101 499 2179 percipere
515 2107 661 2162 irroretur.
698 2099 764 2163 Nec
779 2119 837 2166 me
861 2099 942 2179 sugit
965 2097 1016 2162 illa
1033 2098 1130 2177 prima
1147 2113 1217 2179 qum

123 2184 204 2247 cluis
219 2185 293 2248 istas
308 2185 461 2264 potentius
476 2187 633 2266 praecedit,
657 2186 711 2250 scd
734 2187 772 2250 ad
788 2193 927 2250 nostrum
951 2186 1121 2248 institutam
1139 2182 1222 2246 nibil

122 2271 191 2336 visa
207 2277 254 2334 cst
268 2273 418 2336 attineret
443 2279 475 2334 ct
497 2273 665 2336 curandum
688 2280 736 2336 est
757 2291 797 2336 ne
821 2273 964 2353 longiore
985 2289 1074 2352 quam
1091 2275 1217 2349 oportet

122 2363 246 2421 utamur
270 2356 478 2442 digressione.
509 2360 665 2422 Conumur
685 2362 767 2424 enim
791 2360 954 2439 adjuvante
974 2358 1087 2422 devina
1114 2358 1217 2440 grath

65 2481 71 2492 -
123 2445 400 2526 ostenderequod
416 2446 500 2510 nullo
516 2447 647 2510 nomana
663 2443 800 2519 lucullos,
827 2461 895 2526 quor
920 2445 1012 2527 plane
1040 2451 1071 2507 at
1086 2443 1152 2524 ipsu
1167 2447 1218 2506 cst

122 2531 228 2594 (lirina
244 2532 381 2615 largitas,
402 2549 595 2613 nequaquem
617 2539 719 2596 tumen
742 2533 900 2596 sufficiens
924 2534 964 2596 sit
979 2527 1167 2612 (quamlibet
1180 2545 1218 2592 sa

124 2617 293 2693 extentat]
321 2620 359 2682 ad
382 2620 702 2699 corupretrendendam
728 2618 920 2682 altitudinem
952 2625 1217 2682 sacramentorarn

125 2703 238 2785 quihus
253 2706 410 2769 initiamur
431 2713 464 2769 et
480 2705 655 2787 perficimur
673 2705 711 2770 od
728 2715 873 2771 aeternam
889 2707 1018 2770 sulutem
1035 2721 1104 2787 queo
1119 2711 1168 2768 est
1184 2704 1217 2766 iri

125 2791 250 2858 Christo
265 2791 341 2856 lesu
356 2793 482 2857 domino
499 2801 618 2858 nostro.

210 2878 422 2960 Proponamus
438 2883 540 2961 itaque
556 2881 739 2959 baptismum
756 2883 866 2959 ipsun,
888 2887 920 2940 ct
941 2879 1014 2960 quid
1034 2877 1079 2940 ibi
1093 2889 1216 2954 census,

125 2965 198 3046 quid
215 2967 294 3030 ratio
309 2966 532 3048 deprehendat,
547 2967 717 3030 videamus.
744 2967 911 3047 Liquorum
929 2981 1001 3028 esse
1015 2963 1147 3044 aliquem
1163 2963 1215 3025 in·

125 3059 303 3134 terrogatus
318 3060 418 3118 tuctus
432 3056 627 3135 pronuntiet:
652 3056 749 3129 visus,
764 3055 791 3116 si
807 3053 887 3117 tortu
903 3053 935 3115 in
951 3067 1024 3115 vose
1042 3058 1099 3126 ost,
1124 3049 1218 3130 quis-·

124 3157 196 3204 nam
211 3138 314 3220 liquor
328 3143 368 3204 sit
382 3139 554 3204 addubitat:
569 3140 623 3203 scd
639 3147 750 3224 gustos
765 3147 907 3221 tanquam
923 3139 1033 3202 tertius
1051 3141 1139 3200 testis
1155 3134 1216 3198 oua

96 3223 100 3233 '
124 3225 250 3302 inibitur,
266 3243 374 3306 aquam
390 3229 686 3292 essoincunctuntur
697 3228 849 3306 explorat.
871 3225 1007 3288 Ulterius
1017 3223 1094 3296 (nisi
1106 3221 1216 3292 latior)

125 3313 185 3377 iao
199 3313 230 3376 in
245 3331 282 3376 re
299 3313 433 3378 cilicium
449 3333 537 3378 suurn
553 3331 664 3378 sensus
689 3331 752 3378 non
769 3311 934 3393 pollioitur.
967 3314 1009 3375 At
1022 3311 1102 3373 ratio
1122 3310 1217 3390 longo

128 3400 253 3480 lateque
268 3409 410 3481 penetrat
425 3403 565 3470 interius.
581 3408 783 3481 naturamque
799 3397 1009 3464 insensibilem
1025 3396 1217 3478 perspicaci-

129 3493 179 3550 tcr
193 3490 345 3552 intuetur:
367 3489 426 3552 troo
447 3495 505 3560 est,
529 3487 674 3552 nrolrilem
702 3495 794 3568 atque
811 3487 948 3551 obtusam
965 3501 1046 3562 esse,
1063 3481 1217 3546 humidam

126 3573 380 3654 substantialiter,
402 3573 544 3646 frigidam
567 3569 758 3650 naturaliter,
783 3575 812 3636 in
838 3577 942 3636 aierem
964 3571 1024 3634 sivi
1047 3571 1078 3633 in
1102 3576 1218 3634 terrum

25 3661 27 3666 ‘
126 3661 269 3724 converti
284 3679 351 3726 cam
367 3659 517 3742 possibile
534 3678 622 3739 cssc;
646 3668 677 3723 ot
700 3662 727 3722 si
753 3659 827 3740 quid
842 3655 1040 3722 anulocultro
1057 3655 1138 3737 quod
1155 3671 1218 3720 nc·-

124 3748 227 3811 vinus
255 3754 308 3812 aut
334 3748 531 3830 ignoramus,
561 3747 600 3810 tle
622 3750 731 3810 natura
757 3761 903 3826 aquarum
937 3742 1077 3823 indagari
1106 3749 1217 3824 potest,

127 3831 290 3908 Quomodo
317 3841 419 3898 nutem
443 3852 501 3914 per
520 3850 629 3912 aquam
654 3839 685 3895 ct
710 3834 851 3913 spiritum
877 3827 978 3892 anime
999 3835 1217 3908 regeneretur,

125 3925 384 4002 peccatorumque
400 3919 543 3986 remissio
567 3917 737 3996 tribuatur3
760 3920 841 3980 sicut
862 3933 976 3980 seusus
998 3917 1101 3979 carnia
1124 3915 1217 3996 paolo

126 4013 199 4072 onte
213 4004 383 4074 nocetum
396 4024 467 4072 nou
481 4023 574 4088 posse
596 4003 780 4068 aelectionis
796 3999 1011 4066 excelleutiam
1034 4001 1217 4076 incudm

126 4092 170 4158 ito
184 4093 324 4174 protecto
351 4102 382 4159 et
405 4094 508 4160 minus
529 4091 660 4158 lbrsitm
675 4087 759 4152 ualet
772 4090 853 4154 ratio
877 4087 914 4150 ad
935 4087 998 4152 ltoc
1016 4083 1218 4152 inscrutabile

127 4188 273 4248 nrmuun
287 4179 445 4260 aspirare:
467 4187 500 4244 ct
519 4185 623 4244 tanen
643 4174 774 4242 firmiter
788 4183 938 4258 tenemur,
959 4176 1122 4243 rarissime
1136 4187 1218 4241 cona

938 4255 1050 4366 w,
