2944 4714
807 208 833 266 ll

276 396 433 481 generari.
466 394 570 474 Certa,
594 411 672 477 quos
694 393 843 460 ridebunt
867 391 1047 476 impunitos,
1071 396 1103 455 et
1123 407 1316 474 nequaquam
1346 410 1369 457 a

275 485 326 550 sui
340 484 454 568 gratim
469 482 589 548 honora
605 483 753 564 dejectos,
779 478 906 548 eosdem
930 479 1078 562 putabunt
1098 479 1135 544 ab
1152 479 1235 544 omni
1251 481 1370 544 aonci-

276 572 389 638 lio·aut
402 572 485 636 vinci
501 589 564 636 non
580 573 730 653 potuisse,
746 575 799 633 aut
809 568 992 651 justificatos
1007 584 1092 634 esse:
1134 567 1297 651 Erantgue
1311 569 1372 642 [ut

276 661 319 724 ita
333 660 450 734 dicam)
467 660 638 722 novissima
648 659 766 739 pejora
777 657 949 736 prioribus.

362 747 447 829 Ergo
463 747 650 827 maJ'estatcm
667 745 802 810 vestran
818 762 936 824 omnes,
964 749 1122 808 exoratam
1144 742 1309 822 vellemus,
1333 749 1373 807 ut

274 835 400 898 interim
416 834 540 899 illorum
564 835 699 918 impiam,
721 831 915 916 sacrilegam,
939 839 970 896 et
995 831 1143 896 melariam
1158 832 1372 896 assertionem

275 922 386 986 audire
402 923 653 1000 contemneretis,
678 921 777 986 donec
799 927 924 1000 accepta
938 919 1084 984 Romane
1100 918 1189 986 Sedis
1208 919 1375 984 audientia

275 1009 440 1074 damnandi
454 1016 637 1092 potestatem
652 1008 820 1074 haberetis.
863 1006 1043 1088 Quanquam
1066 1005 1242 1088 hujusmodi
1258 1005 1373 1071 hami-

275 1115 333 1161 nes
349 1115 541 1179 nequaquam
558 1102 701 1179 oporteat
715 1095 839 1160 audire:
862 1102 964 1176 neque
988 1102 1047 1158 tam
1064 1101 1114 1157 cst
1135 1113 1191 1175 pro
1206 1093 1268 1160 illis
1285 1114 1373 1160 con-

277 1185 381 1248 cilium
398 1185 623 1262 advocandum,
646 1203 736 1266 quam
758 1181 797 1246 de
813 1181 936 1247 illorum
951 1181 1104 1263 supplicio
1128 1182 1373 1262 exquirendum.

275 1271 361 1336 'l'uno
385 1273 499 1354 quippe
514 1272 652 1336 heretici
666 1269 844 1335 necessario
859 1269 1003 1334 audiendi
1027 1269 1163 1347 luerunt,
1184 1270 1310 1352 quando
1337 1277 1374 1334 et

274 1356 323 1422 lnae
337 1360 414 1439 ipsa
429 1366 461 1421 et
475 1357 651 1438 hujusmodi
667 1359 866 1440 questiones,
888 1363 997 1438 utpote
1011 1375 1080 1437 qua
1095 1355 1231 1422 nondum
1247 1358 1287 1422 ad
1303 1377 1373 1422 un-

275 1464 367 1526 guem
384 1446 532 1510 discusse
553 1447 695 1525 luissent,
717 1447 749 1509 in
771 1445 897 1509 dubium
912 1445 1022 1509 venire
1049 1451 1226 1525 potuerunt,
1251 1452 1286 1508 ut
1310 1465 1373 1527 per

275 1551 480 1616 congressune
496 1535 672 1599 certaminis
691 1539 874 1615 patesceret,
897 1539 1000 1596 nestra
1015 1550 1087 1613 pars
1102 1539 1217 1596 astaret
1231 1541 1289 1614 pro
1307 1533 1372 1596 de-

273 1617 418 1684 fensione
433 1621 582 1684 veritatis.
613 1620 703 1696 Quod
727 1621 808 1684 idem
835 1639 918 1684 nunc
941 1619 1081 1702 proiecto
1102 1619 1170 1684 sieri
1184 1638 1249 1684 non
1265 1639 1372 1702 apor-

272 1710 332 1784 tet3
358 1709 430 1790 qnia
455 1707 652 1772 creberrimis
675 1715 852 1773 sanctorum
867 1709 988 1770 Petrum
1005 1707 1157 1782 conciliis,
1184 1714 1249 1771 tum
1273 1710 1370 1772 etiam

273 1795 497 1859 venerabilium
519 1796 689 1861 Doctorum
711 1796 890 1860 clarissimis
910 1795 1072 1857 sententiis
1102 1795 1144 1857 ita
1165 1797 1271 1859 omnia
1293 1803 1371 1858 sunt

273 1878 421 1964 eliquata,
443 1889 478 1948 ut
500 1879 540 1947 n'e
554 1885 713 1948 minimum
737 1883 810 1964 quid
824 1881 976 1948 relederit
990 1881 1028 1946 de
1044 1883 1128 1945 orani
1143 1879 1213 1948 lece
1237 1882 1368 1948 dubita-

273 1969 378 2034 tionis.

360 2057 420 2124 Sed
444 2076 514 2136 nos,
541 2077 581 2123 ex
602 2057 717 2137 multis,
741 2053 902 2140 epistolari
925 2055 1078 2122 brevitate
1101 2065 1246 2140 cogente,
1268 2074 1368 2139 pauca

274 2164 477 2228 exponemus,
499 2153 530 2209 et
556 2146 654 2227 primo
671 2164 822 2229 ponemus
838 2144 979 2227 exempla
994 2145 1179 2227 pertinentia
1195 2146 1233 2210 ad
1251 2163 1368 2228 corpus

274 2240 306 2298 ei
326 2237 507 2320 sanguinem
524 2234 659 2298 Domini.
690 2233 745 2297 An
768 2234 871 2314 itaque
892 2233 1001 2297 beatus
1016 2233 1081 2299 Leo
1104 2250 1197 2315 papa:
1236 2235 1288 2299 Sic
1305 2252 1368 2296 aa·
1453 2267 1454 2290 t

272 2339 337 2384 arm
352 2340 467 2386 mense
482 2323 711 2385 communicare
726 2320 855 2399 debetis,
879 2327 914 2382 at
928 2319 1006 2384 mitit
1015 2338 1151 2402 prorsus
1174 2321 1214 2384 de
1229 2323 1368 2386 vernare

272 2407 793 2561 flntlrtntllttllll
810 2407 1367 2577 ltlnlnltnttlnttli

327 2542 334 2556 ·
782 2542 794 2571 r
1125 2541 1136 2570 a

272 2585 471 2664 aioationem,
496 2591 526 2646 et
549 2586 649 2666 ipsius
669 2583 762 2648 Verbi
781 2543 947 2664 propria’m
961 2583 1092 2664 [actam.
1121 2583 1217 2667 Ergo,
1244 2584 1272 2647 si
1287 2603 1367 2666 pro-

272 2672 352 2752 pria,
368 2671 524 2752 qarornodo
540 2671 661 2736 umbrat
678 2673 704 2734 si
719 2671 856 2754 propria,
878 2671 1032 2752 quomodo
1048 2671 1163 2753 figura!
1195 2671 1270 2736 ltenr
1288 2673 1367 2736 bea-

272 2765 322 2822 tus
338 2758 542 2838 Ambrosium
571 2757 617 2823 Nc
632 2766 724 2838 esset,
741 2759 851 2840 inquit,
874 2759 971 2822 aelati
993 2759 1119 2842 quidam
1134 2757 1252 2822 norror
1267 2777 1366 2824 cruo-

272 2847 330 2924 ris,
355 2846 412 2908 sert
432 2854 573 2910 maneret
595 2855 625 2910 et
640 2855 744 2910 tamen
758 2847 866 2928 pratia
880 2843 1107 2928 Redemptoris,
1129 2847 1200 2908 irlco
1215 2848 1367 2936 similitu-¹

273 2933 376 2998 dinem
390 2936 520 3016 accipis,
535 2933 592 2999 sed
612 2953 699 2999 ocra
720 2941 845 2998 natura
860 2935 1007 3014 gratiam,
1023 2935 1232 3016 virtutemque
1251 2953 1365 2999 cansc-

272 3023 388 3104 qncris.
426 3023 501 3086 ltem
526 3021 603 3106 ipse,
625 3023 656 3086 in
677 3022 757 3088 libro
781 3021 820 3084 de
846 3021 1068 3094 Sacramentia:
1107 3021 1191 3100 Quid
1218 3023 1270 3086 laic
1295 3027 1365 3094 (ait)

273 3111 391 3192 guaris
412 3117 538 3174 natura
553 3107 695 3178 ordinem
709 3111 742 3172 in
759 3109 876 3174 Cor-art
890 3128 1035 3190 corpore,
1051 3129 1120 3174 cum
1130 3117 1253 3192 praeter
1266 3119 1365 3174 nata-

271 3198 398 3261 rameii
413 3198 481 3280 ipae
503 3197 646 3260 dominas
660 3197 765 3277 Jcsua,
785 3204 900 3276 partus
922 3217 964 3260 en
984 3197 1126 3279 Virgine!
1162 3198 1244 3262 Ante
1267 3197 1365 3262 bere-

271 3284 451 3362 tationem,
474 3284 540 3348 alia
560 3286 682 3366 specics
695 3286 886 3365 nominator,
905 3292 980 3368 post
995 3287 1272 3366 concenationem,
1288 3305 1364 3350 cor-

267 3390 331 3454 pus
352 3371 498 3452 efficitur.
536 3371 612 3436 Item
628 3374 706 3455 ipse,
729 3376 761 3437 in
777 3373 904 3438 eodem:
947 3372 1056 3438 l'inam
1081 3373 1209 3456 (inquit)
1232 3381 1265 3436 ct
1280 3393 1365 3458 agua

271 3460 305 3525 in
327 3460 456 3524 calicem
470 3459 616 3539 mittitur,
631 3461 688 3524 sed
701 3460 738 3542 fit
751 3461 893 3542 sanguis,
912 3461 1161 3524 consecrationis
1175 3459 1283 3536 ambis
1297 3481 1365 3526 aa·

271 3547 377 3614 torn.-
407 3549 582 3628 pretiosam
603 3549 785 3632 sangninem
807 3547 899 3622 bibis,
922 3555 958 3610 ut
980 3547 1083 3612 nullos
1108 3547 1225 3614 lrorror
1240 3553 1366 3614 amoris

270 3635 324 3714 ait,
339 3641 370 3698 et
382 3635 548 3714 premium
562 3641 666 3698 tamen
682 3643 831 3716 operetur
845 3634 1077 3716 redemptionis.

357 3717 397 3786 Et
411 3723 519 3788 beatus
534 3722 729 3806 Augustinus
744 3724 820 3787 dicit
835 3723 887 3797 ita,
910 3723 949 3786 ln
970 3724 1043 3804 ipsa
1065 3741 1161 3788 carae
1180 3724 1364 3806 ambuiaait,

271 3815 302 3873 ct
317 3809 419 3890 ipsam
433 3829 559 3874 carnem
574 3807 665 3873 nobis
679 3809 931 3874 manducandam
946 3811 1246 3876 mimatensem.
1268 3813 1364 3896 Erga,

271 3896 300 3960 si
316 3896 424 3976 ipsam,
450 3917 514 3964 nau
530 3897 679 3978 umbram,
701 3916 764 3965 non
780 3897 919 3982 liguram,
943 3906 978 3962 ut
991 3899 1094 3966 Bruno
1111 3906 1142 3964 et
1156 3901 1364 3984 Berengarius

270 3981 439 4048 affirmanti
466 3986 503 4050 lit
520 3985 550 4046 in
567 3984 629 4050 alio
646 3986 729 4066 loco,
745 3985 825 4051 irlcm
843 3987 909 4068 ipse
924 4004 1086 4072 exponens
1103 3987 1234 4070 qualiter
1249 3989 1364 4054 dictum

271 4070 312 4137 sit
327 4069 367 4134 de
383 4069 494 4152 David,
517 4065 721 4150 Effercbatnr
735 4071 879 4136 monitus
893 4073 977 4138 suis:
997 4078 1152 4159 quomodo
1166 4077 1295 4160 (inquit)
1309 4079 1363 4140 irn-

269 4157 433 4242 tettigatnr
447 4160 480 4227 io
494 4159 565 4238 ipro
580 4157 698 4240 Dacia,
712 4179 776 4231 non
790 4161 963 4228 inveniatur
975 4161 1147 4228 meandum
1159 4161 1307 4246 litim
1329 4165 1362 4228 ia
