2944 4714
595 196 749 284 Q

130 384 166 449 lu
181 399 313 466 quorum
329 381 465 447 omnium
480 387 512 446 et
526 381 721 464 singulorum
736 381 837 458 fidem,
852 399 890 444 ac
905 381 1218 464 testimouiumprae-

131 475 313 550 missorum,
339 476 520 552 praesentes
544 469 681 548 litteras,
715 470 783 532 sive
806 469 866 533 hoc
891 487 1039 549 praesens
1063 471 1219 551 publicum

132 561 315 640 transumpti
330 560 577 634 instrumentum,
599 557 713 620 exinde
729 557 796 620 fiori
812 563 844 620 et
858 573 913 636 per
929 558 1062 621 cundem
1078 565 1220 622 secreta-

131 649 212 710 rium
228 645 390 722 subscribi,
407 651 439 708 et
453 645 602 725 publicari
620 645 841 724 mendavimus,
858 646 1011 710 etnostris
1020 645 1133 728 sigillis
1145 645 1218 724 jus-

131 737 228 798 simus
243 733 419 796 effecimus
434 733 627 813 appensione
643 732 767 795 muniri.

216 821 327 884 Datum
342 820 457 884 Romae
483 821 515 882 in
541 817 654 898 templo
670 820 782 884 Beatae
798 820 912 884 Mariae
933 837 1026 901 supra
1049 819 1218 884 Minervam

130 910 163 972 in
178 917 286 972 nostra
302 907 565 989 Congregatione,
587 906 645 972 sub
667 926 748 972 unno
765 909 963 972 aNativitate
978 908 1102 972 Domini
1120 909 1220 972 nostri

130 995 376 1060 lesus-Christi
398 995 561 1059 millesimo
590 993 839 1075 quingentesimo
861 996 1090 1077 septuagesimo
1114 997 1219 1072 tertio,

131 1083 303 1146 lndictione
318 1083 426 1163 prima,
442 1082 494 1144 die
510 1101 586 1146 vero
602 1082 753 1164 vigesima
768 1083 905 1147 secunda
921 1083 1035 1148 mensis
1045 1083 1219 1146 decembris

131 1169 326 1233 Pontificatus
350 1169 541 1234 sanctissimi
566 1171 596 1234 in
622 1168 744 1234 Christo
769 1173 865 1250 patris
888 1177 919 1234 et
933 1170 1057 1234 Domini
1075 1171 1220 1252 Gregorii

135 1255 239 1320 divina
254 1255 450 1337 providentia
466 1275 563 1338 papae
579 1255 661 1332 Xlll,
677 1275 759 1320 amm
775 1255 812 1334 ll,
837 1257 1049 1338 praesentibus
1066 1258 1221 1321 nobilibus

133 1345 221 1418 viris,
248 1342 377 1407 Cemillo
394 1343 573 1424 Pamphilio,
596 1351 627 1406 et
641 1343 725 1409 lulio
746 1343 905 1408 Sedellino
927 1345 1047 1408 civibus
1062 1346 1220 1420 Romanis,

133 1432 261 1494 testibus
277 1431 315 1494 ad
332 1433 499 1511 praemissa
515 1431 633 1496 vocatis
650 1432 705 1509 drc.
729 1431 851 1496 Deinde
867 1439 934 1496 erat
948 1432 1151 1514 subscriptum
1164 1435 1221 1496 dcc.

132 1517 284 1582 Ascanius
308 1519 474 1599 episcopus
496 1519 681 1582 Caesoninus
702 1521 757 1582 uc.
796 1518 872 1581 ltem
899 1519 1061 1599 llypolitus
1093 1522 1221 1601 episcc-

132 1624 189 1686 pus
205 1606 453 1685 llierepetrensis
476 1606 705 1670 administrator
729 1606 784 1686 dc.
830 1605 905 1668 ltem
926 1607 1107 1670 franciscus
1133 1607 1220 1671 Ode-

133 1691 251 1754 scalcus
280 1692 508 1758 administrator
538 1697 592 1758 cc.
634 1692 709 1756 ltem
730 1710 790 1774 ego
812 1692 993 1756 Desiderius
1014 1693 1096 1758 bona
1116 1695 1222 1760 Areua

134 1778 273 1858 publicus
304 1783 473 1862 apostolica
504 1781 691 1844 authoritate
719 1781 875 1857 notarius,
906 1787 937 1843 et
965 1781 1064 1844 dictae
1094 1783 1222 1846 confra-

134 1867 285 1930 ternitatis
305 1870 492 1932 secretarius
515 1867 553 1930 dc
572 1869 714 1932 mandato
731 1866 917 1934 relaxationi
937 1869 1143 1948 praesentium
1166 1869 1221 1932 lit-

133 1959 267 2018 terarum
297 1956 442 2031 interfui,
470 1963 598 2036 rogatus
627 1957 813 2036 subscripsi,
846 1962 877 2018 et
900 1955 1053 2036 publicavi
1082 1957 1221 2036 requisi-

132 2047 181 2104 tus
210 2043 231 2106 8
252 2044 353 2106 martii
385 2045 478 2122 1575,
509 2045 563 2106 tro.
600 2044 676 2108 ltem
700 2045 733 2106 in
758 2044 898 2125 margine
920 2043 1056 2123 sigillum
1082 2042 1221 2123 ejusdem

129 2130 244 2192 notorii
276 2147 376 2209 penna
406 2131 531 2211 pictum.
582 2132 742 2196 Postremo
779 2129 991 2212 appenderunt
1025 2130 1087 2194 duo
1117 2130 1221 2212 sigilla

133 2217 167 2278 in
187 2216 308 2280 codulis
325 2219 479 2282 caeruleis
495 2219 586 2282 rubei
602 2218 727 2292 coloris,
744 2236 815 2282 cera
830 2217 923 2281 rubra
938 2218 1098 2299 impressa,
1121 2236 1222 2280 vene·

133 2303 241 2368 rabilis
258 2304 448 2372 Sacramenti
466 2305 570 2386 eligis
586 2307 751 2387 insignata,
775 2312 806 2370 et
821 2304 954 2387 capsulis
969 2305 1081 2370 terreis
1096 2304 1224 2370 inclusa.

131 2511 386 2576 hearne-ces
410 2508 611 2564 accumbes
637 2508 663 2564 ὁ
686 2513 727 2563 ln
745 2507 945 2566 contrecto
970 2511 1020 2565 111
1039 2511 1143 2564 flur-s
1161 2511 1224 2564 Ιι-

359 2605 538 2663 monent,
556 2612 626 2664 par
642 2602 682 2654 le
698 2601 808 2664 rape
825 2600 929 2652 ΡιιιΙ
946 2599 987 2656 V.

220 2743 332 2807 Paulus
349 2761 426 2825 papa
441 2743 477 2806 V.
494 2745 531 2808 ad
552 2752 732 2826 perpetuam
753 2745 800 2808 rei
816 2745 1004 2810 memoriam.
1044 2743 1120 2808 Cum
1146 2744 1226 2808 sicut

130 2833 323 2910 accepimus,
345 2831 535 2894 venerabilis
557 2833 654 2896 frater
669 2833 826 2896 Antonius
853 2834 1017 2914 episcopus
1032 2830 1225 2913 vigiliensis,

130 2924 242 2984 noster
265 2924 298 2982 et
317 2919 518 2998 Apostolicae
533 2919 623 2984 Sedis
647 2921 680 2982 in
704 2919 840 2999 partibus
863 2919 1021 2984 inferioris
1043 2918 1226 2982 Germaniae

128 3007 283 3084 Nuncius,
307 3005 373 3086 pias
389 3009 549 3088 utriusque
576 3025 670 3072 sexus
687 3007 802 3070 Christi
822 3005 958 3070 fidelium
982 3004 1222 3070 confraternita-

130 3103 180 3158 tes
196 3093 254 3156 sub
280 3094 477 3160 invocatione
501 3096 687 3160 sanctissimi
704 3095 904 3172 Sacramenti,
928 3095 960 3158 in
984 3093 1142 3158 nonnullis
1157 3096 1223 3160 Ec-

130 3181 240 3246 clesiis
262 3182 393 3246 civitatis
415 3190 446 3245 et
460 3182 613 3246 Dioecesis
639 3182 824 3247 Leodiensis
845 3181 957 3264 vigore
979 3180 1145 3256 facultatis,
1166 3199 1225 3246 seu

130 3267 246 3334 indulti
262 3286 318 3348 per
333 3288 390 3334 nos
406 3271 466 3334 sibi
482 3271 616 3350 desuper
640 3271 672 3334 in
695 3269 870 3348 hujusmodi
895 3268 1000 3334 brevis
1022 3269 1120 3332 forma
1144 3286 1225 3333 con-

131 3356 225 3431 cessi,
253 3360 391 3422 erexerit
406 3363 437 3421 et
451 3358 619 3422 instituerit
634 3375 691 3422 seu
711 3359 743 3420 in
758 3363 916 3437 posterum
934 3357 1057 3439 erigere
1082 3363 1114 3420 et
1129 3357 1225 3420 insti-

134 3452 225 3508 tuere
243 3445 391 3508 intendat.

219 3530 283 3596 Nos
306 3537 340 3596 ut
363 3533 462 3596 dictae
478 3531 747 3597 confraternitates
768 3531 885 3612 majma
909 3533 941 3595 in
964 3531 1032 3596 dies
1056 3532 1226 3614 suscipiant

137 3619 349 3699 incrementa,
372 3619 411 3682 de
433 3621 653 3701 omnipotentis
675 3621 733 3684 Dei
756 3621 980 3698 misericordia,
1008 3637 1044 3682 ac
1066 3619 1226 3684 beatorum

130 3705 215 3770 Petri
239 3715 270 3770 et
294 3709 380 3772 Pauli
404 3707 613 3787 apostolorum
637 3708 704 3786 ejus
727 3708 909 3772 auctoritate
933 3707 1057 3782 confisi,
1085 3709 1226 3772 omnibus

132 3794 296 3874 utriusque
311 3812 406 3860 sexus
424 3794 538 3858 Christi
554 3794 706 3870 fidelibus,
728 3796 780 3875 qui
797 3795 893 3858 dictas
909 3795 1176 3860 confraternitates
1194 3798 1226 3860 in

131 3887 297 3958 posterum
314 3883 540 3964 ingredientur,
562 3883 612 3944 die
628 3883 727 3960 primo
744 3900 851 3945 eorum
872 3884 1045 3964 ingressus,
1066 3901 1140 3946 vere
1155 3902 1225 3964 poe-

132 3969 273 4032 nitentes
304 3977 336 4033 et
369 3970 506 4034 confessi
541 3968 728 4034 sanctissimi
758 3969 969 4032 Eucharistiae
997 3971 1224 4034 Sacramentum

132 4055 336 4134 sumpserint,
352 4057 532 4137 plenariam,
555 4073 677 4119 necnon
701 4063 761 4118 tam
784 4075 866 4120 nunc
881 4055 1045 4138 descriptis
1062 4077 1150 4137 quarn
1167 4074 1223 4138 pro

137 4146 276 4224 tempore
292 4143 505 4210 describendis
520 4146 553 4210 in
568 4143 658 4208 dictis
680 4143 985 4210 confraternitatibus
1006 4144 1225 4225 confratribus,
