2940 4710
712 250 776 316 212

634 331 842 348 ——n-

192 421 227 484 ln
250 431 312 496 qua
331 425 367 472 re
389 407 528 466 vestrum
548 405 597 464 eet
611 400 874 478 animadvertere,
895 398 946 461 enl
963 398 1009 461 ira
1026 396 1149 462 llomlnl
1166 397 1295 490 oomni-

191 511 445 592 oetnrdioentie:
461 510 525 574 Vae
543 508 603 586 illi,
618 528 675 591 per
690 527 781 588 quiem
795 504 973 580 oemdalnm
990 508 1092 569 venit!
1115 505 1193 570 Cum
1209 510 1296 574 enlm

165 621 167 629 '
195 618 311 690 Paulae
336 613 507 699 Apostolus
532 609 634 678 dieat:
672 615 738 678 Not
765 612 887 696 quidem
905 610 1119 695 praedicamur
1136 615 1306 680 Cbriotnm'

197 732 324 806 lerum,
343 722 472 787 sudaei·
492 722 617 803 quidem
632 717 831 798 caeoldum,
853 719 982 782 Graecia
1000 726 1101 782 autem
1119 718 1300 786 ttultitiarn.

197 839 267 903 Non
288 836 393 912 ltaque
418 827 516 890 Paulo
534 815 584 890 e'ot
600 847 674 905 vae,
696 823 752 888 aed
776 824 844 903 lule,
867 831 903 886 ut
921 826 965 888 ait
978 825 1155 908 Propheta,
1176 829 1230 907 qul
1248 823 1312 892 dt:

195 949 269 1006 bunt
291 942 407 1004 bonum
429 933 543 998 malum
561 939 593 996 et
604 930 719 998 melum
735 935 859 994 bonum.
881 915 1136 996 Novitllomlnur
1151 935 1205 1015 qni
1223 941 1301 998 runt

195 1054 281 1133 ejus,
301 1045 390 1108 norit
408 1044 460 1122 qui
479 1042 527 1102 sul
547 1047 786 1121 permoveantur
799 1039 878 1104 zelo.
901 1038 964 1101 seo
984 1040 1012 1100 oi
1027 1039 1111 1104 Deua
1124 1061 1183 1125 pro
1196 1044 1304 1122 nobit,

196 1158 267 1239 quie
285 1159 393 1216 eontra
404 1149 486 1210 noni
512 1147 577 1210 Oro
592 1164 666 1225 ergo
683 1153 716 1207 et
731 1145 882 1229 deprecor
895 1165 952 1228 per
971 1164 1057 1225 eam,
1078 1148 1106 1210 ni
1122 1166 1183 1227 qua
1200 1153 1250 1210 ert
1264 1150 1301 1210 ln

199 1261 288 1326 vobit
309 1259 430 1341 pietat,
451 1259 488 1313 ut
506 1270 568 1314 non
591 1250 664 1334 pluo
686 1254 764 1314 meio
789 1252 953 1331 hortibus,
973 1271 1065 1332 quam
1082 1253 1171 1315 vobio
1191 1251 1230 1316 tle
1247 1273 1301 1316 me

199 1365 345 1442 arelatis.
375 1359 570 1440 Experimini
593 1376 631 1419 an
655 1359 733 1437 eim,
761 1360 815 1441 qui
838 1359 968 1438 braum,
989 1359 1112 1422 seilicet
1133 1360 1223 1421 vobin
1240 1379 1301 1442 per

197 1473 300 1534 omnia
320 1468 449 1530 denotor
472 1470 504 1527 et
527 1465 721 1543 obsequens,
742 1466 950 1528 incommune
967 1464 1304 1546 nou-antemnarum

198 1579 310 1642 otveri
330 1572 580 1649 amantissimus,
599 1573 664 1632 alne
681 1566 754 1631 ‹lolo
773 1577 805 1632 et
820 1573 985 1653 superbia,
999 1577 1305 1636 veetraveotrornm-

199 1705 257 1767 que
277 1703 354 1749 ιιιιιι
368 1680 524 1758 amicitia,
545 1678 598 1758 qul
614 1697 677 1738 non
690 1697 759 1740 meo
774 1679 851 1740 ritlo
865 1675 1018 1759 perditam
1031 1697 1051 1740 a
1063 1683 1167 1740 veura
1185 1681 1306 1742 rimata

199 1805 347 1873 reposco:
380 1805 418 1848 ea
436 1790 547 1866 negata
565 1783 698 1846 multum
722 1782 898 1862 doliturae,
922 1784 1060 1863 itemque
1077 1789 1203 1866 recepta
1219 1784 1305 1848 mul-

204 1906 270 1962 tum
288 1895 463 1976 gavisurus.
490 1891 607 1962 (nach.
617 1891 654 1952 11.
673 1886 757 1964 8373
778 1889 818 1952 ael
835 1899 901 1952 not.
916 1890 938 1956 2
951 1887 1101 1973 p.108.)¹

285 2004 357 2084 Ep.
372 1997 424 2062 3⁵.
449 2000 490 2062 l).
512 1997 550 2060 R.
565 1997 679 2060 Abbati
694 1995 745 2058 Sti
760 1994 887 2058 Gerattt
902 2001 935 2058 et
956 1998 1132 2060 Fratribus.
1161 1996 1222 2060 Pro
1244 2001 1312 2062 mel

201 2107 264 2172 loci
294 2113 387 2188 etque
414 2103 534 2168 ordinis
568 2101 673 2182 allicio
690 2119 868 2182 magnorum
884 2105 1080 2184 negotiorum
1093 2107 1311 2188 occupationi·

203 2220 262 2282 bur
278 2213 318 2278 aa
339 2210 474 2296 plurima
487 2209 678 2284 distractor,
698 2226 756 2268 neo
771 2207 884 2288 legatio
900 2227 959 2271 nee
970 2207 1106 2288 littorio,
1124 2231 1202 2292 qnae
1220 2214 1311 2278 eirea

204 2343 252 2388 me
266 2326 417 2404 geruntur
442 2317 594 2378 haetenus
619 2315 708 2377 vobio
731 2314 908 2394 oignliieere
931 2316 1026 2380 volni·
1054 2319 1145 2382 Nune
1160 2321 1312 2400 quonlam

203 2429 323 2492 irater.
342 2468 373 2487 ..
389 2423 474 2488 eleut
487 2443 545 2506 per
559 2421 789 2502 antiquiorem.
808 2461 839 2482 ..
855 2421 995 2502 garrulam
1016 2423 1214 2507 arripueram,
1232 2425 1310 2491 lura

205 2535 314 2598 urbem
337 2530 506 2592 Remorum
528 2545 623 2590 οιιιιι
647 2527 704 2588 uei
730 2527 832 2606 lugia,
854 2528 925 2590 arbi
939 2527 1105 2592 Remorum
1124 2533 1226 2612 gratia
1250 2535 1312 2598 liei

205 2635 363 2722 praelator
372 2653 454 2712 ιιιιιι,
479 2651 556 2712 quae
569 2651 620 2696 reo
634 2636 745 2714 genter
761 2639 793 2694 ot
806 2631 941 2717 populor
956 2636 988 2695 ln
997 2636 1059 2697 met
1069 2638 1215 2701 excitavit
1228 2641 1313 2702 inri-

209 2745 301 2806 oliam.
320 2743 362 2804 lit
381 2740 454 2819 qula
473 2739 591 2800 viribus
606 2745 774 2819 nequeunt,
786 2737 909 2821 legibue
926 2739 1036 2806 uleitoi
1051 2750 1214 2824 quaerumt.
1235 2747 1314 2810 Est·-
1386 2770 1392 2780 ·

209 2871 270 2934 qne
284 2846 480 2913 tolerabilior
498 2865 653 2908 armorum
670 2844 872 2936 colluctatip,
889 2867 981 2932 quam
994 2847 1098 2930 legum
1114 2850 1314 2933 dloeeptatio.

209 2955 407 3040 nequamus
422 2952 552 3017 aemuli·
568 2953 646 3015 meir
666 2951 790 3016 ‹lleendl
806 2959 890 3033 arte,
912 2961 944 3016 et
962 2953 1064 3037 legum
1076 2955 1198 3039 prolixa
1214 2957 1314 3022 inter·

210 3065 404 3150 pretatione,
421 3065 568 3143 quantum
581 3079 649 3122 mea
665 3062 814 3140 intereat,
828 3061 1044 3141 ratisieoerim,
1058 3081 1121 3124 non
1136 3066 1240 3124 tamen
1255 3063 1314 3126 arl-

209 3171 274 3235 buo
298 3168 395 3233 remel
416 3174 525 3250 coepta
555 3167 766 3251 deposuerant
799 3166 880 3230 odia.
919 3167 1034 3230 ridente
1054 3169 1314 3248 erporeverenoll

210 3279 337 3356 Patren,
349 3281 516 3356 ventreque
531 3274 657 3337 alumno
671 3274 751 3336 iunio
765 3272 804 3336 ad
820 3273 920 3335 Deum
932 3275 1099 3355 praecibus
1115 3291 1207 3356 opem
1221 3275 1315 3342 ferte.

210 3380 367 3463 Dltolpnll
387 3382 517 3445 viatoria
545 3380 687 3462 magistri
714 3385 763 3443 eet
781 3379 889 3460 gloria·
938 3379 973 3442 ln
1001 3399 1160 3444 commune
1185 3382 1315 3462 quiden

212 3488 355 3550 omnibu·
371 3486 460 3550 vobio
475 3507 535 3569 pro
546 3488 610 3548 mel
624 3487 821 3550 brotltutione
837 3491 940 3568 grater
955 3485 1104 3568 rependo,
1118 3485 1174 3550 uel
1192 3489 1320 3570 speeie·

211 3591 274 3658 llnr
288 3593 372 3677 patri
386 3591 425 3654 lt.
442 3593 510 3672 eui,
531 3593 559 3656 tl
575 3591 650 3673 quiid
666 3593 815 3656 oetentiae
833 3594 866 3654 in
880 3612 929 3656 me
944 3599 1009 3671 eet,
1028 3599 1103 3676 poet
1118 3594 1218 3671 Deum
1233 3596 1319 3658 inter

212 3718 319 3763 omne·
351 3695 498 3762 mortales
530 3699 647 3778 gratiae
670 3697 817 3781 rependo.
854 3701 944 3762 Nune
960 3738 972 3758 .
986 3743 1020 3780 ,ι
1040 3697 1142 3762 valeat
1172 3707 1317 3764 ranetam

213 3806 386 3887 collegium
403 3809 538 3865 nentrum
557 3847 565 3864 .
585 3845 619 3864 ..
636 3800 759 3869 valeant
775 3803 930 3884 quondam
944 3807 1005 3868 mei
1021 3807 1088 3868 noti
1100 3802 1150 3866 vel
1162 3805 1318 3868 affinitate

214 3911 381 3995 eonjunotl‚
402 3911 431 3972 ol
448 3907 502 3989 qul
519 3917 698 3991 nuperrunt,
714 3917 971 3991 quorumtantum
987 3912 1122 3994 rpeolem
1134 3931 1193 3973 neo
1212 3914 1319 3976 omniu

215 4021 294 4098 ralia
318 4018 407 4079 novi:
429 4033 492 4077 non
519 4033 626 4076 aarum
649 4016 752 4097 aliquo
774 4019 858 4083 laetu
882 4016 1019 4095 oblitus,
1039 4015 1096 4082 ael
1113 4017 1319 4106 barbarorum

216 4127 338 4192 renate
357 4125 549 4199 maceratur,
570 4125 734 4202 tottesque,
764 4130 800 4186 ut
820 4126 865 4189 ita
892 4120 1014 4202 olloam,
1034 4119 1194 4189 alteratur.
1231 4125 1318 4206 Quae
