2944 4714
589 251 744 340 Q

124 433 216 500 decet
230 432 443 511 ueneratione,
467 432 499 498 in
514 433 584 500 loeo
605 433 788 513 bouarium,
810 443 842 500 et
856 435 1001 516 bonerto,
1022 437 1215 524 lampadibus

124 522 278 600 accensis,
292 521 343 585 die
358 528 513 604 noctuque
528 530 778 599 conservaretur,
794 533 825 588 et
840 525 1058 590 custodiretur.

212 609 250 673 Et
270 609 296 672 si
317 627 423 672 earum
448 607 647 674 eeclesiarum
664 609 802 675 redditus
827 613 915 676 adid
937 631 999 678 non
1023 613 1213 695 sufficerent,

124 697 186 779 ipsi
201 695 372 760 confratres
389 694 451 760 iilis
466 696 505 760 de
520 699 705 762 necessariis
720 697 758 760 ad
774 697 950 779 hujusmodi
967 718 1061 780 opus,
1077 718 1213 769 neuneu

126 783 163 849 ad
179 781 340 848 emendum
363 801 456 846 unum
481 780 618 864 pallium,
643 801 698 866 pro
725 785 858 867 singuiis
881 787 1022 850 ecelesiis
1045 787 1213 870 predictis,

126 890 192 939 cum
216 889 277 954 quo
292 871 522 936 Sacramentum
546 873 657 952 ipsum,
685 874 939 956 quotiescumque
960 873 1035 938 iliud
1051 893 1108 954 nro
1125 893 1213 948 conr-

125 960 271 1024 munione
286 957 476 1023 infirmorum
501 967 588 1024 extra
612 957 744 1024 ecclesia
761 959 961 1026 deserendum
977 969 1072 1036 esset,
1097 961 1213 1026 deferri

124 1047 264 1123 deberet,
289 1045 514 1127 procederem
541 1065 577 1110 ae
600 1047 682 1130 quod
697 1047 811 1112 Rector
837 1048 1002 1129 cujuslibet
1017 1067 1056 1112 ex
1072 1049 1214 1128 ecclesiis

125 1131 301 1220 praedictis,
327 1151 384 1196 seu
406 1132 488 1198 iltius
507 1133 608 1198 iocum
637 1142 760 1213 tenens,
786 1137 1039 1218 quotiescumque
1055 1143 1138 1200 esset
1153 1156 1214 1202 ue-

126 1223 304 1296 cessarinm,
331 1221 561 1286 Sacramentum
587 1220 765 1305 hujusmodi
787 1221 881 1292 alicui
897 1223 1017 1288 inbrmo
1033 1224 1214 1302 ministrari,

127 1315 159 1372 et
173 1307 209 1372 ad
225 1307 309 1373 iilius
325 1307 449 1372 domum
462 1309 590 1388 deterri,
605 1327 781 1390 campanam
797 1329 871 1374 suae
887 1311 1039 1374 eeclesiae
1055 1315 1149 1376 certis
1165 1311 1214 1374 ic-

16 1389 17 1474 }
127 1397 206 1463 tibus
222 1395 336 1476 pulsari
351 1395 455 1460 facere
466 1404 626 1474 teneatur3
642 1397 680 1460 ad
695 1396 756 1460 boc
769 1404 803 1460 ut
818 1398 991 1462 confratres
1006 1399 1102 1460 vicini
1117 1416 1214 1480 paro-

16 1487 17 1560 ,
128 1484 213 1548 cbiae
227 1483 313 1548 itlius
330 1483 494 1564 ecclesiae,
508 1504 543 1550 se
559 1485 680 1548 moneri
697 1483 735 1548 ad
751 1486 966 1550 associandum
983 1487 1214 1552 Sacramentum

16 1575 17 1646 g
126 1571 222 1652 ipsum
238 1579 459 1652 agnoscerent,
477 1580 507 1635 et
524 1591 580 1654 per
590 1573 715 1653 seipsos
732 1573 936 1646 associarent,
952 1574 979 1636 si
995 1573 1136 1656 legitimo
1153 1576 1215 1638 im-

16 1721 17 1752 }
124 1659 301 1740 redimente
317 1657 435 1722 detenti
451 1677 514 1724 non
533 1660 653 1737 foront;
669 1657 807 1741 alioquin
824 1679 988 1738 perunum
1006 1660 1045 1724 de
1060 1665 1125 1726 suis
1141 1661 1215 1742 dig-

99 1779 102 1785 ·
127 1745 481 1812 nioribusfumitiaribus
490 1747 720 1812 Sacramentum
737 1746 928 1828 praedictum
945 1747 983 1810 ad
1000 1747 1123 1814 domum
1140 1747 1215 1814 dicti

16 1821 18 1902 Ῐ
127 1833 247 1912 infirmi,
266 1831 385 1898 facibus
400 1836 553 1915 accensis,
569 1835 724 1900 associare
740 1841 771 1898 ct
789 1835 929 1900 comitari
944 1835 1048 1899 facere
1065 1841 1215 1900 teneren-

16 1927 17 1932 ’
126 1927 188 1999 tur,
210 1939 246 1986 ac
263 1920 345 2003 quod
363 1924 523 2004 utriusque
545 1941 640 1986 sexus
656 1939 810 2002 personae
825 1921 1088 2001 confraternitatis
1104 1921 1215 2005 hujus-

125 2010 207 2074 modi
222 2007 400 2074 confratres
414 2027 472 2095 pro
490 2017 629 2092 tempore
645 2011 826 2086 existentes,
843 2012 933 2074 tertia
949 2027 1070 2092 quaque
1086 2007 1215 2074 dicito-

125 2097 234 2162 minica
256 2097 424 2178 cujuslibet
438 2098 553 2161 mensis
570 2098 664 2162 totius
678 2097 762 2176 anni,
787 2097 819 2162 in
842 2098 923 2162 dicta
939 2098 1072 2162 eeclesia
1098 2097 1138 2162 de
1152 2097 1215 2162 bli-

124 2203 217 2250 nerua
235 2185 435 2266 congregari,
450 2191 482 2248 et
496 2185 572 2250 inibi
589 2204 680 2250 unam
696 2186 820 2250 missam
837 2187 868 2250 in
885 2191 987 2262 cantu,
1003 2183 1054 2247 uel
1067 2185 1142 2250 alias
1158 2203 1216 2250 ce-

121 2271 241 2338 lebrari
256 2271 372 2352 facere,
399 2291 435 2336 ae
458 2272 490 2335 in
507 2274 684 2339 elevatione
708 2273 825 2356 prefati
840 2273 1029 2339 Sacramenti
1052 2271 1135 2338 focca
1159 2292 1216 2336 ao·
1261 2335 1266 2348 ,

122 2378 234 2427 canses
250 2359 375 2436 babere,
397 2377 520 2424 necnon
545 2361 642 2440 prima
667 2361 718 2424 die
742 2362 868 2424 veneris
890 2361 991 2425 statim
1017 2365 1087 2440 post
1102 2359 1215 2428 festum

123 2449 267 2529 eorporis
297 2447 411 2512 Christi
433 2446 607 2512 immediate
629 2449 765 2532 sequuti,
785 2451 956 2516 solemnem
981 2448 1215 2528 processionem

123 2542 207 2602 extra
225 2541 260 2599 et
274 2535 389 2600 ciream
406 2535 572 2616 qroctonm
587 2535 750 2601 ecclesiam
766 2534 969 2614 deificarum,
984 2536 1216 2604 Sacramentum

123 2625 315 2704 praedictum
342 2622 513 2690 honorifice
538 2623 659 2692 tacibus
681 2623 820 2690 accensis
846 2623 1036 2704 deferendo,
1058 2625 1215 2692 annuatim

122 2711 238 2780 facere.

206 2799 291 2868 Etsi
314 2799 448 2882 aliquem
471 2820 510 2864 ex
533 2799 740 2866 confratribus
757 2799 1024 2864 confraternitatis
1040 2795 1217 2878 buJusmodi

124 2895 292 2973 aegrotare
308 2889 518 2970 contingeret,
542 2895 646 2953 rector
661 2895 714 2952 aut
729 2885 845 2952 electus
860 2887 1036 2952 nominatus
1052 2886 1216 2964 ecciesiae,

124 2978 211 3060 cujus
234 2977 333 3042 dictus
357 2976 495 3041 infirmus
518 2975 724 3058 parochianus
740 2974 857 3054 existit,
881 2992 1027 3039 unacum
1049 2971 1111 3038 ulio
1135 2991 1216 3038 con-

124 3063 223 3152 fratre
248 3062 385 3145 ejusdem
403 3064 671 3130 confraternitatis
693 3069 918 3145 perrecturam
934 3079 989 3126 seu
1006 3059 1137 3126 electum
1153 3078 1216 3126 no-

126 3155 273 3217 minatum
290 3153 479 3234 hujusmodi,
505 3169 563 3232 pro
579 3159 720 3234 empore
744 3150 902 3233 eligendo,
926 3150 1040 3215 dictum
1064 3147 1216 3212 infirmum

125 3241 267 3319 uisitare,
289 3247 320 3304 et
334 3240 371 3304 ad
388 3239 593 3306 confitendum
615 3247 739 3320 peccata
763 3256 831 3316 sua,
854 3238 1016 3319 ipsumque
1031 3237 1217 3302 Sacramen-

127 3335 190 3397 tum
206 3327 447 3410 suscipiendum,
469 3327 520 3410 pie
543 3327 700 3392 adhortari
716 3333 747 3390 et
763 3344 977 3404 commonerer
1001 3341 1123 3388 necnon
1147 3323 1217 3386 rin.

127 3417 212 3500 gulis
227 3415 430 3492 hebdomadis
446 3416 541 3494 totius
557 3416 640 3492 anni,
661 3415 720 3496 ipsi
736 3414 897 3496 utriusque
912 3429 1006 3478 senua
1030 3409 1216 3489 confratres,

129 3506 296 3588 quinquies
312 3505 484 3568 orationem
500 3500 696 3582 dominicam,
721 3509 752 3564 et
766 3502 860 3566 toties
875 3499 1091 3564 salutationem
1105 3496 1217 3580 Ange-

127 3591 230 3670 lioam,
255 3593 286 3656 in
302 3591 624 3658 commemorationem
640 3590 714 3654 dicti
730 3589 917 3654 sacramenti
940 3589 1053 3652 deuote
1074 3585 1217 3664 recitare,

130 3687 162 3743 et
177 3697 419 3746 commemorare
434 3686 626 3744 tenerentur.
645 3681 693 3744 Ac
708 3676 888 3742 mulieribus
904 3673 1109 3740 confratribus
1117 3671 1218 3736 dietae

132 3765 410 3844 confraternitatis,
434 3769 545 3848 quibus
562 3765 710 3832 indecens
726 3771 810 3830 esset
824 3783 880 3848 per
904 3763 1013 3827 dictam
1030 3761 1142 3826 Urbem
1159 3780 1218 3824 va-

131 3857 213 3936 gari,
229 3855 266 3920 ad
282 3854 498 3921 associandum
513 3853 628 3920 dictum
640 3857 883 3929 Sacramentum,
907 3857 940 3914 ut
956 3848 1079 3932 quoties
1093 3849 1218 3932 signum

133 3962 302 4028 companas
325 3943 487 4024 audirent,
509 3939 601 4008 desis
621 3942 755 4025 genibus
778 3942 950 4006 orationem
977 3936 1164 4000 dominicam
1187 3941 1220 3998 et

133 4031 350 4101 retentionem
362 4033 533 4117 angelicam
544 4029 719 4112 buJusmodi
730 4029 904 4110 quinquies,
920 4021 1218 4110 utpraeferturreci·

134 4119 239 4197 tando,
256 4137 363 4184 omnes
379 4127 410 4184 et
423 4119 562 4204 singulas
576 4119 704 4200 quatias,
730 4123 762 4180 et
776 4114 985 4198 indulgentias
1001 4109 1218 4178 Confraterni-
1337 4107 1346 4137 ⁸

133 4206 206 4273 fatis
227 4205 403 4291 hujusmodi
425 4225 483 4294 pro
509 4214 651 4294 tenpore
666 4221 843 4286 concessas,
863 4205 1139 4286 consequerentur,
1162 4213 1219 4282 cet
