2938 4716
1151 309 1193 378 45

235 491 498 572 ,Quotiescunque
538 505 615 572 erqo
642 486 782 552 dicuntur
810 484 1024 566 praedestinati
1056 487 1195 552 bominac

150 591 254 676 impii,
281 609 419 672 quaeque
441 590 479 654 ad
502 607 558 652 eos
579 589 749 669 pertinent,
783 585 984 668 pulcherrimo
1005 592 1036 650 et
1056 587 1196 653 saluber·

149 693 230 756 rimo
254 692 305 754 illo
325 691 546 756 contrarietatis
567 687 660 750 modo
680 685 935 767 interpretandum
953 692 1026 750 esne
1048 723 1089 736 -

235 792 277 855 At
305 793 337 854 in
369 791 459 856 bonis
489 789 659 852 bominibus
682 803 846 867 corumque
868 789 977 850 uirtute
997 803 1034 848 ac
1056 787 1197 868 praemiis

151 909 205 960 res
227 909 317 954 secus
334 909 405 956 sese
426 891 526 955 tabet.
569 889 650 952 llaec
671 896 701 950 et
722 907 794 952 vere
816 894 899 965 sunl,
933 895 964 950 ct
991 907 1010 950 a
1036 887 1095 950 deo
1116 886 1196 950 lacta

152 1002 234 1072 sunt,
254 1003 287 1058 et
306 995 346 1057 ab
366 993 478 1057 inlinita
499 989 548 1052 dei
571 989 781 1052 benevolentia
797 995 827 1050 et
839 989 937 1070 gratia
955 988 1072 1052 dantur.
1096 991 1197 1064 Quare

152 1095 261 1158 borum
281 1091 516 1174 praedestinatio
537 1107 609 1152 vere
639 1107 678 1151 ac
705 1088 825 1170 proprie
846 1088 906 1152 dici
937 1095 1052 1170 potest,
1088 1106 1201 1170 nequo,

153 1213 245 1276 quom
267 1213 284 1258 a
305 1211 331 1256 s.
363 1193 510 1272 scriptura
530 1196 561 1251 et
581 1207 599 1252 a
618 1207 643 1252 s.
664 1206 690 1256 s.
712 1189 846 1269 patribus
867 1188 1002 1268 docetur,
1031 1206 1049 1252 a
1071 1197 1198 1252 coatra-

154 1296 206 1358 rio
226 1300 274 1356 est
294 1291 534 1373 accipiendati).
558 1323 597 1338 -

240 1393 414 1474 Priusquam
436 1398 536 1454 tamen
565 1389 602 1453 ad
636 1387 749 1470 reliqua
777 1405 953 1471 pergamus,
982 1391 1199 1456 subiiciendum

154 1493 278 1557 videtur
297 1492 490 1573 disputationi
518 1497 661 1568 nostrae,
695 1488 775 1569 quod
807 1490 915 1554 Scelus
953 1489 1080 1555 subiecit
1110 1509 1199 1570 snaa3

153 1595 337 1658 sententiam
359 1592 486 1656 dicimus
507 1591 546 1654 de
566 1590 636 1672 igne
661 1595 786 1652 netemo
807 1589 883 1670 apud
903 1590 1028 1654 interos.
1068 1591 1122 1655 list
1143 1611 1200 1656 aa·

154 1703 218 1757 tem
238 1693 334 1770 bacc;
357 1691 459 1772 ,llaud
480 1689 568 1754 lacilc
590 1689 803 1771 credipotest,
824 1689 911 1752 alium
926 1708 994 1756 eurn
1006 1709 1087 1769 esse,
1107 1711 1200 1774 prac-

155 1803 206 1858 ter
225 1795 339 1876 ipsum,
372 1793 422 1874 qui
453 1799 500 1854 est
533 1797 668 1871 quartum
700 1789 801 1854 mundi
835 1789 1022 1856 elementum.
1066 1794 1128 1856 llec
1152 1796 1202 1856 in-

157 1911 297 1976 congrue
317 1892 511 1968 credendum,
531 1892 611 1970 quod
635 1905 763 1970 corpora
784 1897 957 1954 sanctorum
978 1893 1008 1954 in
1029 1891 1200 1956 nubercam

154 1997 346 2058 mutabuntur
366 1992 555 2073 qualitatem,
590 2007 666 2071 quac
701 1989 739 2052 ab
762 1992 820 2054 alia
841 1992 978 2054 consumi
1000 2009 1060 2054 non
1083 2000 1201 2074 potesta

155 2096 314 2177 impiorum
336 2111 411 2156 aero
434 2109 562 2173 corpora
588 2093 617 2154 in
639 2095 759 2154 aeream
780 2092 951 2172 qualitatem
972 2094 1144 2171 transitura,
1171 2101 1203 2156 ut

157 2195 199 2257 ab
219 2194 377 2274 superiore
397 2191 470 2272 igne
489 2192 647 2271 patiantur.
691 2190 765 2252 llinc
787 2197 844 2267 est,
873 2190 954 2270 quod
977 2190 1113 2255 diabolus
1135 2197 1203 2274 post

155 2295 271 2375 lapsum
294 2291 432 2354 detunsus
454 2291 493 2352 ab
514 2290 657 2354 aethereo
679 2290 796 2370 spatio,
829 2292 999 2355 adiunctum
1032 2300 1079 2356 est
1103 2295 1132 2356 ei
1153 2295 1204 2357 in-

156 2394 223 2458 ailo
244 2398 368 2458 aereum
390 2409 512 2473 corpus,
536 2393 567 2454 in
589 2409 649 2473 quo
670 2408 784 2471 poenas
806 2409 881 2456 suae
902 2394 1062 2474 superbiae
1081 2393 1203 2474 luatttj·

159 2493 277 2569 Quodsi
301 2493 349 2556 cui
370 2491 549 2556 incredibile
571 2493 700 2571 ridetur,
720 2509 847 2574 corpora
869 2512 988 2575 semper
1009 2513 1124 2573 arsura,
1149 2513 1204 2558 ne.

160 2611 222 2676 qne
256 2601 356 2656 tamen
391 2593 543 2673 peritura,
575 2593 677 2656 rideat
708 2594 927 2660 salamandruro
951 2596 980 2658 in
1001 2597 1072 2678 igne
1095 2599 1204 2673 virum,

161 2695 268 2758 rideat
290 2693 417 2774 lapidem
443 2693 674 2770 asbesmmtps
696 2731 738 2742 -
860 2725 862 2732 ⁴

247 2793 388 2856 Venimus
425 2810 505 2858 nunc
539 2793 577 2856 ad
606 2786 781 2858 disserendi
806 2793 1091 2877 demonstrandiquc
1114 2798 1204 2876 viam,

159 2911 251 2975 quam
272 2895 380 2958 scetus
401 2893 461 2956 boc
483 2891 513 2956 in
533 2893 609 2958 libro
632 2893 788 2977 ingressus
809 2902 864 2958 eat
896 2896 978 2960 llaec
998 2915 1072 2960 vero
1095 2915 1134 2958 ex
1154 2898 1204 2976 iis,

161 3010 243 3074 quac
265 2993 303 3056 de
324 2994 414 3056 totius
434 2992 501 3056 libri
524 3001 700 3076 argomento
722 2981 945 3076 enarravimus,
981 2999 1054 3060 satis
1076 2997 1206 3061 sortasse

159 3094 299 3176 patuerit.
342 3093 476 3157 Vidimus
506 3093 614 3176 igitur
630 3094 722 3175 longo
755 3111 821 3159 eum
853 3096 910 3158 alia
932 3098 980 3160 aia
1003 3097 1204 3180 incedentem,

160 3210 253 3275 quam
273 3191 405 3274 reliquos
425 3193 491 3258 eius
510 3195 617 3258 aetatis
634 3195 803 3276 theologos,
825 3213 972 3280 quamque
986 3199 1080 3280 ipsam
1094 3199 1204 3264 decuit.

198 3460 249 3529 43)
268 3459 344 3512 lll-
356 3459 424 3513 XlV.
460 3461 506 3514 Eat
527 3468 616 3514 autern
637 3469 708 3514 certe
725 3462 830 3526 mirum,
849 3463 895 3535 rpni
914 3463 1014 3516 factunm
1033 3465 1076 3526 sit,
1095 3474 1124 3516 nt
1141 3465 1206 3516 sco-

264 3555 316 3607 tus,
335 3565 416 3618 quum
435 3549 564 3600 malorum
584 3545 722 3600 bornicum
739 3551 1013 3620 praedestinationem
1029 3553 1204 3610 necessariam

271 3633 374 3703 ubique
395 3635 496 3687 dixerit
516 3652 597 3706 prave
618 3636 714 3703 agendi
734 3653 857 3700 canaam,
883 3648 1045 3692 nontamen
1066 3637 1100 3688 da
1120 3638 1206 3689 bono·

269 3737 327 3772 rum
346 3721 483 3774 homiuum
501 3721 748 3794 praedestinatione
766 3733 892 3794 tauquam
912 3725 1061 3780 necessaria
1078 3725 1149 3780 bene
1166 3725 1207 3776 ri-

269 3808 350 3862 vendi
370 3825 449 3860 causa
468 3812 630 3880 cogitaverit„
649 3839 682 3850 —

196 3911 249 3980 44)
268 3913 316 3964 llic
334 3929 413 3966 nemo
432 3930 486 3966 non
505 3915 698 3978 reminiscetnr,
717 3915 867 3984 opinamur,
887 3915 1020 3984 Origeulr.

201 4016 251 4079 ⁴5)
268 4015 303 4067 cf.
314 4016 381 4080 lllll,
394 4019 447 4067 l·-
456 4015 482 4068 4.
503 4017 587 4088 Supra
599 4026 688 4070 auteur
699 4016 776 4082 elisit,
787 4019 870 4072 sclam
880 4017 1070 4072 ccnrciratiarn
1082 4016 1185 4088 punire.
