2938 4716
1120 365 1156 434 ll

137 543 193 606 lmo
213 543 331 606 redire:
356 541 484 621 „Omnia
505 555 698 622 quaeeunque
711 546 788 620 suut,
811 553 871 602 non
887 537 1055 606 radicaliter
1068 546 1157 608 nudo

136 653 165 707 et
185 645 364 722 virtualiter,
392 643 447 706 sed
468 651 499 705 et
518 641 715 704 essentialiter
735 644 765 703 in
785 643 849 704 Duo
872 643 1037 722 contineri,
1070 653 1158 726 alque

136 747 212 808 ndeo
237 746 334 806 omnia
356 763 395 806 ex
413 745 478 806 Deo
500 744 537 806 alu
559 750 680 804 aeterno
708 760 867 824 progressa
887 759 955 804 esse
977 749 1007 804 et
1026 745 1159 819 llurisse,

136 847 224 926 inque
245 846 343 906 vanos
364 845 477 906 classes
500 845 671 906 interiorum
694 851 722 903 el
743 845 948 922 superiorum,
981 843 1157 906 deteriorum

135 945 346 1025 meliommque
377 947 485 1006 entium
514 944 649 1005 distincta
672 942 788 1004 landem
812 945 841 1004 in
865 943 974 1004 lootem
997 945 1158 1024 originem.

135 1065 191 1128 que
215 1063 298 1107 susm
320 1047 355 1122 (i.
378 1063 404 1106 e.
428 1046 457 1106 in
477 1045 585 1120 Deum)
607 1043 735 1105 reditura
759 1051 860 1104 esse.“
902 1042 967 1105 lure
994 1045 1031 1105 de
1054 1045 1158 1106 uadum

134 1148 283 1224 Erigonae
299 1145 482 1225 philosophia
501 1145 559 1206 hoo
580 1161 696 1223 quoque
712 1143 819 1224 legitur
834 1143 909 1222 apud
922 1143 1159 1223 Bruclreruml‘lls

136 1251 241 1325 „Quae
272 1248 405 1327 quamvis
438 1255 559 1308 externa
593 1247 766 1308 dialecticae
793 1248 931 1310 methodo
954 1251 1158 1333 tractandique

136 1349 240 1409 ordine
264 1346 453 1408 Aristotelem
475 1347 596 1420 reserat,
634 1363 719 1427 quern
743 1347 860 1425 Scotus,
891 1367 1020 1430 graecae
1039 1351 1158 1432 linguae

136 1455 275 1510 accurate
295 1466 415 1530 gnerus,
445 1448 556 1528 legisse
577 1447 701 1522 videtur,
730 1453 792 1509 lola
813 1454 909 1510 lamen
929 1449 1158 1515 Alexandrinum

110 1547 350 1611 'l'lelouioorum
381 1549 580 1610 recentiorum
620 1553 748 1627 systema
779 1549 931 1628 exprimit,
970 1558 1159 1634 apertumque

134 1651 212 1728 lauit,
234 1655 324 1711 lolem
344 1667 408 1710 eum
432 1649 582 1724 (Scotum)
614 1648 843 1729 metaphysleam
864 1665 945 1711 suam
966 1667 1005 1712 ex
1025 1651 1160 1715 Pseudu-

134 1751 279 1830 Dionysio
304 1749 515 1830 (Areopagites)
539 1749 694 1826 hausisse,
727 1755 757 1810 el
787 1751 865 1811 iuxts
896 1748 1000 1813 horum
1021 1752 1158 1832 philoso-

135 1850 258 1930 phorum
278 1849 383 1929 placila
405 1847 640 1934 philosophari.“
662 1883 702 1897 -

217 1951 314 2031 Atque
344 1949 381 2011 de
412 1949 493 2012 Seoli
524 1949 657 2010 doctrina
689 1951 760 2010 satis
792 1948 899 2010 dietum
924 1957 977 2012 est.
1020 1949 1158 2014 Venimus

135 2067 214 2112 nuno
245 2050 284 2112 sd
316 2050 362 2128 id,
395 2051 478 2111 euius
510 2051 604 2129 gratis
636 2055 725 2110 totam
757 2047 832 2109 illam
855 2049 1078 2130 disputationem
1101 2054 1186 2114 hoo·

134 2153 201 2214 loco
226 2149 412 2227 inseruimus,
434 2149 512 2211 unde
533 2150 639 2212 Scotus
660 2148 823 2210 doctrinam
842 2165 924 2210 suam
943 2151 1115 2228 perceperit.

217 2253 398 2332 Quamquam
422 2267 456 2312 ea
477 2256 584 2326 aetate,
607 2269 663 2331 qua
685 2256 787 2312 nostro
803 2249 912 2312 indicio
926 2249 1053 2331 Erigone
1073 2259 1158 2315 natus

134 2360 198 2429 est,
230 2351 351 2414 saeculo
373 2367 452 2412 nono
474 2351 608 2427 ineunte,
638 2367 691 2430 per
721 2357 810 2412 totam
833 2351 962 2414 Scoliam
985 2359 1071 2432 atque
1091 2353 1158 2416 An-

133 2453 222 2532 gliem
245 2451 405 2514 litterarum
426 2450 522 2514 nodia
544 2453 664 2512 omnino
679 2453 869 2512 intermortua
883 2451 1030 2528 iacebunt,
1050 2461 1157 2533 lumen,

134 2557 196 2616 sino
220 2557 250 2617 in
273 2553 370 2616 Scotla
391 2553 516 2614 natalem
539 2551 636 2613 locum
655 2552 771 2630 habult,
803 2553 885 2630 sive,
914 2553 944 2615 id
967 2555 1046 2635 quod
1070 2545 1155 2618 nobis

135 2656 328 2716 certissimum
352 2655 443 2715 uisum
466 2661 521 2730 est,
543 2653 573 2715 in
594 2653 711 2734 Augila,
733 2660 855 2733 utroque
878 2661 959 2716 corle
981 2654 1048 2717 loeo
1064 2655 1156 2736 prima

134 2743 309 2818 enrditionis
341 2761 428 2834 elque
455 2753 606 2814 doctrinae
637 2769 709 2814 suae
732 2752 919 2815 fundamenta
942 2755 1077 2816 lacillime
1097 2755 1154 2818 sibi

134 2858 315 2917 constituero
336 2856 436 2934 putuit.
478 2855 605 2915 Asseros
634 2853 773 2933 quidem,
805 2855 851 2915 uir
877 2854 925 2916 ille
956 2853 1154 2933 doctissimus,

134 2959 216 3018 ouius
238 2955 406 3017 fidelissima
436 2970 525 3032 opera
559 2954 588 3014 in
609 2954 774 3014 excitandis
796 2951 1078 3017 litterarum'sludlis
1100 2957 1155 3018 nl-

135 3058 235 3119 lredus
247 3055 524 3136 mugnusutulmlor,
545 3054 573 3115 ln
589 3071 623 3115 ea
637 3057 699 3134 ipsa
712 3055 896 3134 regionem),
917 3074 972 3136 qua
996 3057 1154 3138 Erigonam

259 3249 265 3253 .
283 3241 426 3252 -—---··=

233 3339 381 3390 sistendum
402 3340 522 3390 Bruuleri
541 3340 627 3407 polius
648 3337 732 3388 uerbis
751 3345 788 3389 nti
810 3341 985 3402 maluerimus,
1006 3357 1083 3409 quom
1103 3359 1154 3392 uo·

230 3429 305 3488 stris,
335 3436 389 3488 est,
417 3429 570 3495 opinemur,
599 3427 627 3476 in
645 3437 776 3495 promptu.
799 3455 825 3465 -
846 3428 938 3498 Neque
956 3446 1050 3496 magno
1072 3444 1152 3497 opere

231 3533 279 3567 uos
297 3524 392 3574 rnouel,
413 3515 484 3584 ‹pusorl
503 3531 568 3564 rannus
588 3525 611 3562 et
635 3516 696 3563 item
718 3514 792 3575 ulter,
824 3517 868 3584 qui
889 3514 1050 3580 syllabarum
1072 3529 1154 3565 nucu·

229 3621 288 3670 pern
309 3604 482 3672 vellespere,
507 3604 533 3650 in
553 3601 593 3650 luis
617 3599 737 3650 llruelreri
761 3603 862 3663 uerbis,
881 3621 948 3672 ‹puoe
967 3601 1151 3673 reprehendat,

231 3691 301 3741 sacili
321 3707 399 3759 opera
421 3690 538 3740 invenire
559 3690 650 3756 possit.
671 3715 703 3734 -ω
817 3728 831 3768 ι

166 3795 210 3863 19]
232 3796 264 3844 es.
285 3797 303 3844 l,
317 3797 334 3845 Ι.
355 3813 379 3863 p.
400 3793 458 3845 620.
481 3824 515 3834 -

164 3899 209 3962 20)
232 3901 259 3948 ln
281 3907 361 3967 prsrle,
381 3907 410 3947 ul
430 3895 543 3948 lrsalilur
562 3899 606 3964 (es.
628 3915 703 3966 sopra
726 3909 781 3966 esp.
805 3895 826 3962 l)
852 3891 978 3944 ‹lioscesls
1005 3891 1150 3944 Monesen*

228 3989 275 4035 sis:
297 3995 375 4054 stupae
395 3987 421 4035 iu
442 3987 495 4053 ipsa
515 3986 634 4036 lionoris
655 3989 761 4036 Assorus
780 3983 812 4034 ad
837 3984 937 4032 litteras
959 3981 1080 4031 inuuulruil
1110 3974 1149 4031 Cf.

229 4073 330 4124 llablll.
352 4075 438 4125 auriol.
459 4071 554 4124 Beuerl.
579 4075 624 4124 lib.
644 4070 782 4130 xxxt'lll
803 4089 820 4123 n
847 4071 888 4120 lt.
