2938 4716
584 595 614 664 §.
640 585 687 652 tt.

118 709 136 750 ⁴
205 702 322 782 „Deus,
355 703 436 784 quod
456 703 513 786 ipsi
534 707 702 786 oppositum
723 707 781 786 sit,
801 724 863 770 non
886 705 1018 788 laboti).
1063 710 1157 783 Quum

123 818 195 866 acro
215 804 364 866 essentiae
386 811 553 886 opponatur
573 805 665 886 nihil,
685 808 811 872 bonitati
835 815 934 872 autem
957 809 1067 872 malitia
1089 819 1159 890 otc,

122 901 196 964 deus
216 922 276 966 non
301 910 347 966 est
367 906 508 984 essentia,
530 905 648 970 bonitas
676 915 745 988 eto,
765 909 820 970 scd
843 910 918 990 ptus,
940 929 1026 992 quarn
1050 925 1160 972 csscn-

122 1003 161 1063 tia
197 1005 527 1085 (superessentialis),
549 1005 632 1086 plus,
665 1026 752 1088 quarn
781 1009 900 1071 bonitas
920 1009 1159 1090 (superbonus)

122 1111 179 1166 cto.
202 1145 242 1158 -
264 1103 387 1182 Omnia,
408 1123 484 1186 quac
506 1105 633 1169 adiectis
652 1109 803 1193 particulis
823 1123 934 1189 super,
973 1109 1161 1190 plus-quani

122 1203 160 1265 da
183 1204 240 1266 deo
261 1205 487 1285 praedicantur,
511 1206 584 1268 duas
606 1207 672 1270 illas
694 1208 863 1291 theologias
887 1191 1167 1290 conprehendunt:¹

122 1305 153 1366 in
185 1299 433 1386 pronunciatione
474 1313 520 1369 est
548 1307 644 1370 sorana
680 1313 912 1396 aaraourraq‘c,
941 1311 971 1374 in
1006 1311 1160 1375 intellectu

120 1411 217 1468 autem
236 1407 434 1492 ἀποφατικῆς
457 1409 560 1471 uirtus.
584 1408 622 1486 (l,
648 1409 712 1487 16.)

585 1533 616 1602 s.
642 1529 690 1591 ¹5.

202 1641 304 1718 „Putat
336 1639 426 1722 igitur
455 1657 494 1704 cx
516 1641 573 1717 iis,
608 1659 685 1723 quac
707 1659 796 1724 supra
827 1646 1051 1725 proposuimus,
1071 1645 1159 1709 dcnrn

120 1739 267 1802 humanae
292 1743 400 1802 mentis
423 1741 489 1802 acic
509 1759 633 1822 prorsus
655 1741 719 1804 lcra
741 1759 810 1805 essa
833 1745 1029 1808 inaccessum.
1051 1743 1161 1810 Verum

121 1840 183 1920 ipsc
210 1847 307 1903 sarnai
340 1842 433 1921 ipsurn
468 1843 634 1924 cognoscit.
678 1843 732 1905 Est
764 1843 882 1924 quidem
906 1846 1027 1908 ornnino
1051 1847 1160 1908 dicon-

123 1939 206 2003 dun:
231 1942 369 2021 „nescire
393 1941 498 2019 deum,
522 1959 555 2005 so
578 1943 647 2024 quid
669 1951 777 2022 essc“,
799 1943 903 2026 „deum
926 1961 987 2006 non
1009 1947 1039 2006 in
1061 1947 1159 2025 aliquo
1225 1952 1230 1963 '

123 2057 155 2101 sa
189 2047 398 2123 cognosceret<
422 2049 452 2104 at
487 2061 564 2124 quaa
595 2050 663 2105 sunt
695 2045 819 2124 generis
847 2043 1001 2122 eiusdem,
1034 2053 1063 2106 at
1084 2045 1161 2106 haec

124 2147 167 2202 cst
186 2160 259 2203 veru
285 2143 376 2204 uirtus
399 2141 498 2220 illius,
520 2159 596 2224 quac
619 2147 647 2207 in
671 2144 729 2205 dco
751 2151 808 2223 est,
831 2145 1039 2226 cognoscendi
1063 2145 1162 2207 iacul-

125 2242 199 2304 tatis.
244 2241 360 2304 Revera
383 2244 462 2304 cninr
493 2244 567 2306 daus
589 2261 650 2306 non
674 2251 720 2306 ast
743 2245 832 2326 quio,
854 2262 913 2306 non
938 2252 983 2306 ost
1005 2245 1034 2306 in
1060 2245 1159 2325 atiquo

123 2339 150 2403 b.
174 2359 201 2404 ε.
225 2349 353 2404 nonest
385 2349 497 2405 certum
524 2343 645 2426 aliquid,
682 2363 741 2407 non
765 2345 891 2408 habetur
912 2352 942 2407 et
963 2347 1159 2409 circumscri-

122 2439 197 2505 bitur
220 2444 251 2505 in
275 2441 373 2523 aliquo
398 2481 439 2493 -
461 2462 587 2524 eorum,
622 2463 697 2526 quae
720 2454 789 2508 sunt
819 2454 848 2509 ct
870 2463 968 2509 rerum
990 2454 1159 2512 croatorum

122 2557 243 2606 numero
269 2543 588 2624 coruprchanduntur.“
610 2546 662 2626 (ll,
686 2547 835 2625 oa-ob.)

198 2645 250 2708 Sin
281 2662 354 2706 vcro
384 2647 566 2726 quaesieris,
600 2664 656 2728 qua
678 2649 796 2710 rationo
820 2648 913 2726 deus,
936 2666 1012 2729 quac
1037 2665 1158 2732 cogno·-

122 2744 193 2823 scit,
217 2761 407 2826 cognoscere
429 2747 593 2810 existimari
616 2749 743 2826 debeat,
779 2749 1028 2829 respondebitur:
1060 2747 1158 2830 „quod

122 2860 175 2908 neo
189 2845 344 2908 sensibilia
366 2864 420 2926 per
440 2863 575 2923 sensum,
597 2863 654 2908 nec
677 2847 871 2930 intelligibilia
892 2866 946 2928 por
967 2848 1160 2924 intellectum,

122 2962 175 3006 neo
200 2946 355 3008 sensibilia
387 2963 443 3028 per
471 2947 670 3024 intellectum,
702 2965 761 3010 neo
792 2947 988 3029 intelligibilia
1009 2965 1063 3028 per
1083 2963 1159 3020 son-‚-

124 3062 207 3126 surn,
240 3045 298 3110 sad
332 3049 432 3109 omnia
455 3049 547 3110 in-
571 3047 704 3110 aeternis
737 3049 800 3112 suis
834 3048 999 3110 rationibus
1022 3053 1159 3110 contem·

122 3144 241 3224 nutura
260 3183 303 3196 —-
323 3146 474 3223 (Proceri.
499 3145 538 3210 ad
561 3149 715 3228 intorprot.
737 3147 844 3210 Ainbb.
866 3163 891 3210 s.
913 3147 991 3209 blan.
1015 3143 1157 3227 ap.Galc.

122 3263 181 3327 app.
203 3264 234 3328 ρ.
259 3245 322 3322 tv.;
355 3247 392 3310 da
423 3245 482 3310 div.
515 3253 575 3310 nat.
596 3247 632 3326 ll,
654 3247 704 3327 ab,
728 3249 784 3326 ott;
816 3247 850 3326 V,
881 3247 947 3332 ot.)
990 3247 1158 3326 „Aeternao

119 3344 182 3410 illac
208 3346 360 3410 rationcs“
390 3353 459 3410 sunt
491 3347 614 3426 „tteau‘
634 3385 687 3428 -,
707 3366 782 3429 quas
804 3355 932 3410 vocant:
956 3349 1085 3410 omniurn
1107 3365 1157 3410 rc·

120 3463 196 3524 nin,
226 3465 303 3528 quae
338 3447 412 3510 deus
452 3455 517 3512 crat
547 3450 679 3513 tacturus
716 3449 916 3530 „exemplaria
956 3447 1157 3528 principalia.“

119 3545 178 3610 ltaa
198 3555 269 3610 sunt
292 3565 391 3612 rerum
413 3555 524 3612 tanturn
544 3549 791 3629 substantialium,
811 3557 840 3614 ct
860 3552 943 3631 ipsae
965 3565 1083 3630 quoquc
1106 3563 1157 3610 res

119 3649 336 3717 substantiales.
361 3649 411 3730 (cl.
436 3649 487 3712 inl.
511 3660 538 3726 §.
562 3652 644 3716 23-
664 3661 692 3730 a.
716 3652 783 3729 30.)
804 3689 845 3702 -
874 3651 949 3714 ilinc
971 3650 1079 3714 Scotus
1100 3663 1156 3710 suo

119 3747 182 3812 iura
203 3749 294 3812 etiarn
316 3747 375 3812 boc
397 3751 567 3816 contendit:
603 3753 728 3835 „Divina
750 3752 881 3817 scientia
902 3757 1067 3816 astrorum
1089 3765 1157 3810 ona-

172 4085 198 4159 r)
217 4087 251 4142 er.
270 4089 318 4144 aar.
339 4083 359 4162 ς.
376 4089 485 4146 ia-oo.
504 4119 538 4136 .-
