2944 4714
780 217 839 282 m

733 291 888 313 -μ

264 369 351 481 lere
374 373 709 490 pertimuissent
729 403 850 471 auxilio
864 401 1038 488 ingelgerii
1050 401 1201 470 Mass
1222 403 1362 482 comitis,

265 493 406 574 lingonis
422 495 517 556 incliti
535 493 720 577 Burgundiae
736 496 823 557 lucis
849 493 1073 574 consanguinei
1096 509 1172 556 curs
1193 491 1362 573 percisum,

265 582 342 645 mira
356 579 565 646 sollicitudine
587 589 623 644 et
637 587 822 644 armatorum
843 583 971 660 conium
997 577 1204 656 multitudine,
1232 579 1268 642 in
1294 595 1362 660 quo

265 668 350 746 unius
368 671 574 732 venerabatur
588 666 658 732 loco
676 667 844 732 cononice
859 677 892 728 et
906 669 1057 732 decenter
1070 664 1198 729 relucet

269 801 281 812 .
349 751 418 834 ligo
433 753 614 818 livereclius
630 755 687 816 liei
705 755 899 834 providentis
914 755 1096 818 leodiensis
1121 750 1268 816 ecclesie
1296 751 1362 816 lun-

263 837 346 907 saitis
359 841 540 922 episcopum
559 840 672 904 creditis
695 840 912 904 miraculorum
935 841 1112 916 virtutibus,
1134 855 1204 920 qum
1228 857 1286 918 per
1302 839 1362 902 llei

263 928 392 1010 aretium
408 935 439 990 st
454 928 486 992 Β.
503 928 623 992 liertini
641 931 781 991 inreritum
799 931 992 990 incessanter
1013 928 1057 1002 ilii
1080 926 1204 1001 fiebant,
1230 929 1359 998 morto,

264 1015 317 1096 oui
333 1013 562 1093 interdicitur,
584 1018 722 1096 graviter
737 1011 871 1092 attritus,
892 1021 926 1077 et
940 1014 1006 1078 iere
1021 1013 1059 1076 ad
1083 1020 1213 1076 mortem
1236 1011 1362 1086 deduc-

264 1107 325 1178 tus,
341 1101 399 1164 suli
413 1117 470 1180 soe
484 1103 707 1182 recuperando
721 1103 860 1164 sanitatis
883 1101 1048 1164 adstrictus
1061 1107 1148 1177 voto,
1173 1116 1245 1162 cum
1260 1099 1362 1164 cteri-

266 1189 312 1250 sis
328 1193 360 1250 et
373 1185 522 1252 militibus
537 1188 693 1253 Turonum
710 1190 892 1270 quantocius
908 1190 980 1250 veni
995 1187 1138 1250 (termus,
1169 1187 1314 1266 Cumque
1328 1188 1362 1249 in

265 1271 399 1338 soumis
413 1272 545 1353 gloriosi
561 1275 762 1340 contessioris
778 1275 928 1356 predicti,
949 1273 1001 1337 die
1016 1279 1173 1355 noctuque
1188 1291 1258 1336 cuni
1277 1273 1363 1337 eiiu-

142 1409 146 1424 .
264 1361 355 1426 sisne
370 1360 585 1440 lacrymarum,
602 1368 634 1424 et
648 1361 824 1444 gemitibus,
847 1361 976 1444 sigiliis,
996 1361 1136 1442 jejuniis,
1158 1361 1363 1424 orationibus

265 1447 423 1522 instituens,
440 1447 560 1526 licique
577 1449 833 1525 misericordium,
855 1457 887 1512 et
907 1449 1006 1530 ipsius
1032 1447 1213 1529 sulimgium
1239 1465 1362 1510 exora-

263 1549 341 1610 rem,
365 1538 456 1596 nocte
478 1535 655 1613 septimuli.
672 1535 822 1599 Martinus
845 1553 913 1597 cunr
930 1534 1021 1598 besto
1039 1534 1155 1604 Brictio
1179 1533 1266 1612 insilui,
1295 1551 1362 1616 pre

263 1617 445 1684 lassitudine
461 1621 549 1699 qussi
566 1623 597 1684 in
614 1624 712 1686 extasi
729 1624 842 1703 posito,
858 1624 1009 1703 eposium,
1032 1637 1130 1707 seque
1150 1623 1299 1700 sequenti
1314 1622 1362 1684 sic

265 1706 321 1770 uit:
344 1705 440 1770 irater
454 1707 550 1772 Bricti
573 1709 646 1788 quit
670 1707 725 1772 titii
749 1709 873 1773 videtur
896 1709 936 1772 de
951 1709 1048 1772 irater
1062 1717 1172 1774 nostro
1188 1707 1361 1772 leodiensi
1440 1721 1444 1736 ·

264 1789 431 1874 Episcopo,
447 1793 500 1874 qni
517 1794 556 1861 te
571 1797 699 1860 remotis
713 1794 774 1859 iiuo
789 1797 876 1859 seuit
891 1794 1038 1876 narnias,
1060 1793 1183 1876 [ieiune
1205 1795 1361 1862 auritium

266 1886 299 1947 st
313 1887 454 1946 nostrum
470 1887 529 1944 mm
546 1881 659 1945 devote
674 1883 813 1962 requirit

351 1967 481 2032 Sanctus
491 1967 622 2034 Brittius
637 1968 729 2032 beato
744 1970 876 2034 tlsrtino
891 1970 951 2034 sibi
963 1969 1104 2050 loquenti
1119 1969 1359 2050 mercenariis,

265 2053 405 2134 piissime
420 2053 545 2117 domine
561 2056 614 2133 mi,
638 2059 665 2118 si
688 2058 789 2136 placet
804 2058 871 2122 ileo
883 2063 919 2118 et
934 2063 995 2122 tus
1019 2057 1215 2135 beaiouitsti
1241 2058 1359 2121 bonum

266 2147 314 2204 est
329 2146 363 2202 ut
377 2147 520 2214 caretum
535 2159 604 2206 cum
620 2143 662 2206 sit
674 2141 776 2208 multe
788 2145 971 2220 sanctitatis,
987 2149 1019 2206 et
1033 2147 1133 2206 nostri
1148 2142 1281 2220 ordinis,
1298 2161 1360 2206 cm-

264 2227 317 2308 jus
332 2227 396 2290 vite
407 2226 551 2292 ,ordinem
566 2247 630 2292 non
645 2229 798 2312 deturpet,
828 2229 915 2294 lilico
931 2231 1075 2311 proprius
1090 2229 1245 2294 secedens
1259 2236 1292 2292 et
1307 2231 1360 2296 lo·

265 2329 334 2378 num
350 2314 449 2380 morbi
464 2316 592 2396 cuspide
613 2313 714 2380 baculi
729 2318 778 2380 sui
801 2325 932 2400 tingens
953 2318 1000 2380 sic
1019 2317 1081 2380 ait:
1112 2315 1221 2380 Frnter
1236 2316 1360 2381 ssima-

266 2397 318 2476 cli,
334 2400 478 2464 doninus
493 2402 705 2466 noscerimus
720 2404 861 2468 curetur
877 2410 965 2470 sanct
981 2411 1022 2481 te,
1037 2409 1070 2466 et
1085 2403 1290 2466 incolumitati
1301 2421 1359 2467 re·

257 2489 587 2567 crustuminum.
632 2489 731 2572 igitur
753 2489 860 2555 hilaris
883 2509 977 2554 mnus
999 2498 1031 2552 et
1047 2489 1211 2556 incolumis
1225 2489 1359 2552 tretilius

267 2575 384 2636 nostris
398 2575 557 2638 cononicis
573 2579 763 2641 manifestam
780 2579 837 2642 Dei
853 2581 996 2641 uirtutem
1013 2577 1130 2651 revela,
1154 2583 1186 2640 ot
1208 2593 1250 2640 ex
1271 2585 1359 2658 perte

267 2665 366 2738 ipsios
383 2666 469 2724 etex
485 2670 591 2725 nostra
607 2666 752 2745 precipe,
775 2672 809 2729 ut
824 2683 892 2730 curu
908 2665 1023 2728 devoto
1041 2662 1156 2743 noento
1172 2662 1281 2726 modes
1293 2665 1358 2726 ins·

267 2763 390 2814 merses
405 2765 464 2814 suo
479 2745 642 2828 Snlvstori,
658 2753 806 2828 relerent,
823 2760 854 2816 et
869 2759 899 2816 te
915 2753 947 2814 in
962 2752 1145 2814 canonicum
1156 2749 1358 2831 J'urepcrpe-

163 2851 167 2860 ‘
266 2845 322 2904 luc
336 2836 497 2916 recipiant,
515 2837 691 2901 iuverant
709 2839 829 2902 laudem
843 2839 901 2902 Dei
919 2856 1057 2919 magneio
1075 2837 1197 2901 nissam
1214 2837 1359 2901 cemin-

266 2927 326 3004 tir,
342 2935 375 2992 ut
400 2923 453 3002 qni
470 2924 555 3002 prius
570 2931 600 2988 tc
618 2923 757 2988 viderant
772 2925 860 3006 qussi
883 2925 1037 2988 addictum
1059 2925 1162 3001 morti,
1184 2923 1359 2988 fiducialius

266 3021 393 3097 sacrent
406 3011 445 3076 tle
460 3013 667 3075 subversione
682 3013 731 3076 sui
747 3012 896 3077 Protroni.
934 3012 1001 3076 lios
1022 3013 1103 3076 iacto
1119 3019 1151 3074 et
1167 3011 1218 3073 liis
1233 3009 1358 3074 dictiss

267 3107 436 3184 conspoctu
452 3117 522 3164 mec
538 3099 704 3179 disparuit;
729 3107 818 3162 amnt
837 3099 926 3164 ambo
944 3097 1173 3180 episcopalium
1188 3098 1358 3162 indumen·

267 3192 307 3256 tls
323 3188 467 3256 redimiti.

353 3275 481 3342 Surrenti
496 3273 594 3349 lentus,
618 3270 723 3336 clerici
750 3274 810 3336 mei
834 3279 866 3336 et
887 3272 1002 3338 milites
1026 3279 1058 3335 et
1079 3270 1185 3336 iomuli
1212 3273 1357 3336 accersiri
1446 3267 1447 3322 Ψ

265 3371 431 3440 venerunt,
454 3364 610 3441 totiusque
625 3359 773 3424 Ecclesiae
797 3362 1012 3426 canonicarum
1035 3358 1193 3442 gloriosus
1213 3377 1357 3424 conven-

266 3457 325 3516 tus.
355 3450 456 3516 Morbi
474 3449 571 3522 iocus,
597 3464 686 3527 quem
704 3446 889 3526 patiebaris
906 3448 1107 3511 nutibusnon
1134 3455 1182 3508 est
1197 3447 1356 3522 iuuentus,

267 3545 368 3603 tumen
385 3537 415 3599 in
430 3537 552 3615 signum
581 3535 734 3596 cicatricis
751 3533 864 3597 lineola
880 3535 972 3598 rubrn
988 3551 1140 3615 oponrens
1152 3535 1303 3598 remansit
1315 3532 1356 3596 de

265 3630 326 3688 tens
350 3621 490 3706 glorioso
512 3629 544 3685 et
563 3621 699 3684 evidenti
726 3621 886 3704 miraculo.
937 3620 981 3684 Tc
1003 3622 1107 3684 ileum·
1125 3619 1308 3684 demutatur
1337 3637 1356 3680 a

266 3707 364 3788 clero,
379 3716 411 3772 et
426 3725 520 3774 uoces
536 3707 640 3772 devoti
657 3705 762 3786 populi
788 3723 858 3771 cum
874 3705 1018 3770 leudibus
1034 3704 1235 3770 extolluntur.
1265 3705 1355 3770 Mane

266 3796 348 3860 lecto
364 3796 504 3860 canonici
521 3793 744 3858 convenientes
766 3793 797 3856 in
818 3791 953 3872 captiuo
970 3812 1018 3855 me
1035 3795 1066 3856 in
1082 3793 1217 3856 Fratrem
1245 3797 1277 3853 et
1299 3807 1355 3873 ca·

266 3882 410 3947 nonieoni
435 3885 622 3960 reiecerunt
644 3879 779 3942 unanimi
803 3877 963 3942 voluntate
980 3885 1011 3941 et
1025 3877 1195 3942 desiderio.
1233 3868 1354 3958 lingon

199 4021 205 4034 ,
266 3970 369 4034 missae
396 3967 470 4030 hora
486 3967 671 4030 adveniente
694 3965 862 4030 secundum
887 3971 1075 4047 preceptum
1090 3965 1124 4028 B.
1140 3963 1275 4038 Martini,
1301 3963 1353 4026 di·

194 4047 197 4058 ’
265 4057 340 4120 rins
354 4053 510 4120 celebravi
525 4052 654 4117 collutos
670 4051 810 4120 eneceris
825 4051 962 4116 denariis
978 4067 1067 4132 ouem
1084 4049 1223 4132 murinis
1237 4053 1271 4116 el
1286 4047 1353 4114 ira·

266 4142 375 4218 umas,
390 4140 428 4206 sd
445 4141 571 4222 propris
585 4140 724 4222 caudens
738 4147 771 4202 et
783 4155 877 4204 sanus
893 4139 1039 4206 remetiri.
