2934 4710
1111 353 1170 420 113
1242 453 1245 459 Δ

128 539 252 606 lationis
275 539 373 602 minus
403 537 575 614 faventium,
605 534 798 618 praeiudiciis
832 535 981 621 impliciti,
1010 541 1170 608 admodum

130 642 252 723 quidem
281 645 408 716 cavent,
436 655 477 700 ne
509 638 590 701 Deus
629 655 696 700 cum
735 645 874 702 creatura
907 657 991 704 more
1020 645 1173 725 gentilium

132 741 333 823 panthcisiicc
364 737 573 819 confundatur,
593 754 782 821 nequaquam
800 757 874 803 vero
898 741 1037 824 abyssum
1059 745 1174 825 timont,

131 845 212 905 inter
235 847 392 921 utnrmque
412 842 519 903 iterum
538 839 679 918 hiantem,
700 857 787 920 quem
806 849 885 918 teste
905 859 929 905 s.
944 841 1032 907 Pauio
1047 843 1175 924 (Epines.

132 943 227 1022 11,13
248 960 313 1024 seq.
351 949 382 1004 et
420 940 537 1004 coloss.
567 941 599 1020 Ι,
624 940 689 1019 19.)
711 940 848 1006 Salvator
870 951 975 1006 noster
996 947 1036 1007 ita
1058 944 1174 1026 clausit,

130 1052 164 1108 ut
186 1040 348 1124 „utraque
371 1042 485 1106 iaceret
508 1047 642 1106 unumf‘i‘
663 1077 705 1089 -

602 1209 630 1276 ς.
659 1197 710 1258 ιι.

235 1353 321 1427 Quae
350 1357 506 1432 postquam
536 1349 575 1412 do
601 1350 710 1414 Natura
743 1357 844 1414 creata
874 1367 944 1414 non·
957 1358 1099 1431 creante,
1118 1351 1177 1416 irae

137 1461 200 1518 tuta
227 1456 337 1516 rerum'
358 1451 551 1514 universitate
583 1451 622 1513 ad
654 1451 748 1514 iibros
776 1455 849 1533 napi
881 1449 1010 1536 φύσεων
1030 1454 1179 1535 explicata

138 1561 218 1633 sunt,
254 1561 373 1615 ceteros
405 1569 471 1628 res,
502 1569 579 1633 quae
613 1569 703 1632 super
744 1553 851 1614 eadam
879 1553 988 1616 Natura
1021 1555 1179 1633 ducantur,

139 1656 195 1733 soi,
220 1654 311 1733 luna,
342 1671 431 1734 quem
461 1652 592 1714 habeant
613 1671 741 1731 cursum,
762 1671 839 1736 quaa
859 1654 1024 1732 intervalla,
1047 1671 1105 1736 qua
1127 1673 1183 1718 ra·

139 1759 221 1820 tione
258 1773 298 1817 ex
317 1761 455 1836 quattuor
476 1755 632 1817 eicmentis
652 1755 750 1818 omnia
774 1771 901 1835 corpora
925 1757 986 1818 sint
1004 1756 1182 1836 composita,

141 1875 218 1940 quac
249 1857 290 1919 sit
323 1856 456 1918 hominis
491 1857 617 1936 eiusque
652 1873 792 1920 sensuum
821 1863 927 1918 natura
964 1863 994 1918 at
1018 1875 1095 1937 qnae
1115 1861 1185 1918 suot

139 1959 265 2042 generis
300 1957 452 2034 eiusdem,
481 1957 611 2018 maxime
642 1962 802 2037 propterea
836 1956 916 2038 quod
948 1955 986 2018 ad
1017 1953 1084 2034 illa,
1106 1973 1184 2036 quae

139 2061 228 2122 uobis
251 2063 314 2120 tota
336 2058 394 2119 iac
414 2058 578 2137 scriptione
599 2057 721 2137 proprie
742 2053 826 2118 cordi
848 2071 916 2118 essa
941 2055 1062 2134 debent,
1083 2072 1186 2136 parum

140 2161 308 2232 attineant,
332 2157 444 2236 optimo
467 2149 532 2218 iure
553 2155 834 2236 praetermittendas
854 2171 923 2217 esse
944 2157 1187 2219 existimavimus.

139 2261 216 2324 Sunt
250 2275 325 2318 uero
359 2257 417 2318 elia
451 2254 601 2337 longeque
634 2256 760 2318 consiiio
800 2263 905 2318 nostro
943 2255 1120 2338 gravissima
1154 2255 1185 2318 iu

143 2358 191 2421 his
215 2357 312 2436 libris,
346 2374 434 2438 quae,
467 2375 556 2438 quum
588 2364 711 2438 propter
733 2359 946 2421 sententiarum
970 2375 1079 2419 nexum
1099 2355 1186 2420 facil.

141 2441 213 2520 lime
235 2455 273 2518 ad
306 2459 400 2536 ipsam
432 2455 470 2520 de
505 2457 616 2520 Natura
646 2464 749 2520 creata
779 2473 838 2519 uon
864 2463 985 2522 creante
1010 2457 1188 2538 disputatio-

143 2575 213 2620 nem
251 2555 448 2634 adiiciuntur,
489 2556 547 2620 hue
588 2557 751 2622 transferre
791 2558 986 2622 decrevimus.
1056 2557 1188 2621 Dicimus
1253 2641 1255 2646 Ι

147 2665 248 2720 eutem
269 2659 430 2738 praecipue
462 2676 642 2740 permagnus
663 2659 807 2740 quasdam
829 2661 1010 2723 christianae
1031 2658 1187 2722 doctrinae

143 2764 256 2838 partes,
279 2773 353 2836 quas
374 2756 595 2844 philosophiae
614 2760 813 2844 Erigeoianae
836 2761 977 2824 sordibus
998 2759 1108 2824 miseie
1132 2759 1188 2824 de.

145 2858 366 2939 prehendcmus
387 2859 564 2939 inquinatas.

606 3021 636 3089 s.
668 3017 719 3079 48.

245 3167 343 3248 ipsius
365 3168 455 3248 igitur
477 3167 527 3229 dei
551 3185 642 3249 opera
669 3167 778 3232 iactum
799 3185 868 3231 esse
893 3175 938 3246 (p.
960 3167 1029 3239 33.)
1048 3165 1189 3242 diximus,

150 3275 180 3330 ut
200 3285 312 3332 causae
334 3267 541 3349 primordiales
564 3270 595 3332 in
618 3269 744 3334 auectus
766 3269 1062 3356 suosproiiuerent‚
1084 3267 1188 3348 proin.

152 3367 246 3449 deque
275 3369 384 3446 omnia,
417 3385 494 3448 quae
526 3368 586 3432 hoc
623 3369 765 3434 universo
797 3373 995 3446 continentur,
1019 3368 1056 3431 da
1076 3383 1190 3430 summa

153 3466 296 3548 dignitate
314 3485 368 3530 sua
392 3468 421 3529 in
443 3469 646 3532 conditionem
661 3468 863 3533 deiicerentur
884 3468 973 3531 multo
996 3466 1189 3532 deteriorem.

152 3566 200 3646 (ti,
224 3569 288 3645 11.)
309 3604 351 3616 -
370 3568 453 3632 Haec
474 3575 570 3631 autem
591 3587 641 3632 res
666 3569 784 3632 divinae
803 3569 926 3632 bonitati
950 3556 1017 3630 non'
1035 3572 1191 3650 repugnat,

152 3667 220 3730 ideo
245 3667 337 3748 quod,
358 3675 407 3746 „ut
428 3687 500 3731 vera
521 3671 596 3733 ratio
611 3670 710 3752 docet,
732 3670 927 3732 mundusisto
948 3671 978 3732 in
999 3671 1100 3731 varias
1119 3684 1191 3730 sen·

153 3769 314 3848 sibilesque
336 3770 453 3848 species
477 3807 517 3818 -
538 3805 578 3818 -
601 3788 660 3834 nou
692 3771 786 3834 fuisse
818 3777 974 3850 erupturus
996 3769 1054 3831 dici
1079 3773 1189 3848 potest,

151 3867 176 3929 si
198 3867 280 3930 Deus
304 3886 405 3931 casum
434 3876 466 3933 ei
495 3871 644 3935 interitum
673 3871 758 3952 primi
786 3871 931 3950 hominis,
953 3871 1095 3932 unitatem
1116 3883 1189 3930 suae

152 3974 275 4031 naturae
312 3967 495 4049 deserentis,
524 3987 586 4034 non
615 3971 834 4053 praevidisset3
868 3971 958 4034 homo
988 3974 1086 4033 eutem
1121 3971 1189 4047 post

153 4070 267 4132 ruinam
289 4085 373 4134 suam
410 4071 449 4134 de
467 4073 589 4135 summis
612 4071 649 4135 ad
672 4073 741 4144 iana,
764 4071 803 4134 de
825 4073 958 4135 aeternis
978 4069 1017 4132 ad
1038 4077 1190 4146 tempora-
