2944 4714
732 218 886 312 Q

266 407 388 474 comitis
401 405 571 486 Flandriee,
593 407 645 472 avi
660 407 770 487 nostrl,
785 407 848 474 boo
861 405 1076 473 attestantibus
1085 427 1095 488 ;
1120 403 1212 471 vobis
1227 407 1260 470 in
1274 423 1355 489 cap-

265 495 341 561 sella
364 504 511 577 argentea
527 496 689 575 deaurata,
710 513 799 577 quum
823 503 951 578 propter
971 495 1032 560 boc
1045 495 1191 560 dominus
1207 493 1355 559 Guilbel-

266 602 333 648 mus
347 585 421 649 lecit
435 585 590 662 fabricari,
605 583 774 666 diligenter
788 583 976 658 reconditas,
992 601 1049 665 per
1063 583 1184 646 lidelem
1198 585 1356 662 nuntium,

266 671 305 736 ed
319 672 470 737 honorem
486 671 545 734 Dei
560 679 592 734 et
606 671 824 735 exultationem
840 671 992 735 ecelesiae
1017 678 1140 736 vestrae
1163 671 1357 752 praedictae,

265 767 337 824 sunt
351 761 560 824 transmissae.
581 758 625 822 lle
640 765 769 841 propter
782 777 840 822 vos
856 759 887 821 in
904 758 1031 823 domino
1044 758 1254 835 exhortantes,
1271 777 1358 840 qou-

266 853 356 912 tenus
372 847 426 912 bes
442 845 601 928 reliquias,
618 863 812 910 comsumma
825 847 1022 926 recipientes,
1039 865 1092 912 eas
1107 846 1167 909 fide
1183 844 1359 908 indubitata

265 937 410 1000 venerari
426 936 552 1010 curetis,
567 941 599 998 et
612 940 796 998 reverenter
809 935 891 997 inter
906 932 982 997 alias
997 933 1150 998 ecclesiae
1159 941 1280 996 vestrae
1294 953 1360 996 re-

265 1021 378 1104 liquias
394 1022 565 1087 collocetis.
586 1021 625 1084 Et
639 1022 677 1086 ed
693 1021 864 1103 pleniorem
880 1029 912 1085 et
927 1023 1024 1105 magis
1040 1021 1240 1086 indubitatam
1256 1039 1359 1102 prae-

269 1111 434 1174 missorum
450 1108 676 1174 certitudinem.
715 1109 779 1172 Nos
796 1111 921 1190 proprio
938 1129 1004 1188 ore,
1020 1111 1051 1172 in
1067 1109 1242 1190 praesentia
1257 1125 1361 1172 rese-

265 1199 356 1262 rendi
371 1201 403 1262 in
419 1198 542 1263 Christo
564 1199 660 1277 patris
675 1196 793 1259 domini
809 1195 954 1278 Adolpbi,
979 1197 1029 1260 dei
1056 1197 1155 1278 matio
1170 1195 1361 1260 leodiensis

266 1287 418 1367 episcopi,
441 1285 666 1368 consanguinei
686 1286 786 1348 nostri
809 1279 975 1362 carissimi,
998 1285 1112 1348 luimus
1137 1287 1283 1348 attestati.
1322 1283 1362 1348 ln

267 1391 398 1454 quorum
414 1375 622 1435 testimonium
641 1379 672 1434 et
687 1373 844 1454 munimen
858 1372 1071 1454 praesentibus
1090 1371 1200 1435 litteris
1215 1371 1362 1454 sigillum

267 1468 407 1526 nostrum
430 1460 573 1524 duximus
596 1461 821 1540 apponendum.
859 1461 967 1522 Datum
994 1460 1074 1541 opud
1089 1459 1277 1524 budenarde
1293 1477 1363 1524 un-

177 1609 182 1624 ,
267 1547 386 1613 decimu
400 1546 452 1612 die
467 1548 581 1612 mensis
593 1547 729 1628 januarii
743 1547 837 1612 Anno
853 1547 976 1612 Domini
990 1548 1029 1620 bl.
1041 1545 1301 1613 commun.

269 1746 610 1836 Renomellement
635 1715 684 1808 de
701 1755 743 1808 Ιι
763 1750 1032 1808 ennlroternttd
1051 1755 1102 1807 dn
1120 1753 1290 1818 strepuere
1307 1755 1361 1807 de
1450 1814 1451 1817 Ἴ

391 1844 522 1907 roure,
540 1856 631 1896 erveo
649 1844 748 1897 ceint
766 1843 814 1899 de
833 1843 1035 1898 {adimit
1053 1836 1078 1894 ab
1095 1837 1222 1906 illese.

353 1987 546 2053 Reverendis
560 1987 693 2054 dominis
717 2005 753 2052 ac
772 1986 892 2052 dilectis
908 1988 940 2051 in
956 1987 1088 2052 Domino
1104 1987 1257 2068 uobisque
1281 1987 1359 2070 plu-

267 2077 377 2140 rimum
393 2075 584 2140 honorandis
599 2076 806 2140 confratribus
821 2075 1011 2156 Praeposito,
1032 2076 1158 2138 Decano
1172 2082 1205 2137 ct
1219 2075 1358 2156 capitulo

270 2164 419 2230 eeclesiae
432 2164 605 2228 Beatissimi
620 2165 743 2227 llartini
759 2166 791 2226 in
805 2164 933 2241 Leodio,
952 2163 1107 2241 Deounus,
1122 2163 1358 2241 thesaurarius,

270 2259 429 2333 totumque
445 2252 609 2332 capitulum
625 2257 749 2316 sanotae
765 2258 797 2314 et
807 2249 1079 2334 regaliseoclesiae
1087 2251 1260 2314 Beatissimi
1269 2251 1357 2314 ider-

269 2341 326 2403 tini
350 2340 550 2418 Turonensis,
571 2345 696 2404 sanctae
711 2339 784 2406 Sedi
799 2339 998 2419 Apostolicoe
1019 2346 1051 2401 et
1070 2339 1227 2402 Romanae
1242 2335 1356 2402 Eccle-

269 2429 334 2489 siae
349 2427 525 2490 immediate
546 2427 714 2508 subjectae,
739 2426 915 2492 salutemet
938 2433 1061 2490 mutuae
1076 2427 1280 2490 fraternitatis
1303 2427 1355 2488 in-

270 2513 452 2578 dissolubile
467 2515 635 2579 vinculum.

356 2601 440 2666 luter
454 2604 618 2684 praecipua
629 2601 796 2684 peculiaris
809 2603 929 2684 patroni
945 2604 1043 2667 nostri
1058 2601 1198 2686 gloriosa
1214 2607 1248 2664 el
1260 2617 1353 2682 prae-

270 2685 398 2752 dicanda
415 2688 572 2771 miracula,
596 2709 674 2773 quae
689 2689 858 2773 relegenda
874 2693 1007 2772 posteris
1030 2691 1197 2771 antiquitus
1214 2687 1353 2753 derelin-

271 2777 348 2856 quit,
370 2775 445 2840 illud
462 2779 505 2858 pti
521 2785 552 2840 el
577 2779 674 2842 sancti
689 2777 785 2842 Petris
800 2777 952 2842 Leodicae
968 2779 1099 2843 civitatis
1115 2779 1269 2859 episcopi,
1285 2773 1350 2838 Eu-

270 2863 358 2927 raclii
374 2865 508 2942 nomine,
524 2865 730 2946 praedicatur,
746 2866 828 2947 quod
844 2864 915 2929 dum
932 2866 1052 2931 occulto
1068 2865 1126 2929 Dei
1136 2864 1272 2947 judicio,
1294 2867 1355 2926 mi-

271 2951 396 3016 sembili
420 2951 546 3032 morbo,
576 2956 648 3034 igne
679 2971 769 3018 sacro
794 2952 914 3020 scilicet
939 2953 1018 3018 duos
1039 2951 1141 3035 pullos
1164 2951 1356 3036 gallinaceos

273 3055 374 3116 mane,
400 3039 541 3122 duosque
555 3042 681 3124 vesperi
697 3047 908 3122 consumente,
929 3049 1011 3106 esset
1025 3042 1182 3124 depastus,
1210 3041 1355 3122 omnique

272 3143 345 3190 cura
367 3126 557 3191 medicorum
581 3135 613 3191 et
633 3127 765 3192 humana
785 3131 910 3210 penitus
930 3129 1029 3194 solute
1056 3129 1240 3204 destitutus,
1271 3147 1355 3210 spem

272 3231 392 3280 omnem
408 3215 441 3278 in
457 3217 590 3280 Domino
614 3222 645 3280 et
667 3217 893 3300 gloriosissimo
915 3223 1046 3299 patrono
1062 3226 1172 3282 nostro
1186 3233 1355 3298 reponens,
1451 3271 1452 3296 ,

271 3303 468 3386 sepulchrum
484 3305 551 3386 ejus
566 3305 713 3382 uisitauit,
739 3303 792 3367 ubi
807 3303 917 3369 diebus
932 3311 1062 3386 septem,
1078 3305 1196 3388 vigiliis
1211 3305 1354 3386 peractis,
1451 3299 1452 3304 ’

272 3391 429 3472 paululum
446 3391 657 3470 obdormiens,
672 3393 877 3472 signipotens,
900 3391 1059 3472 Martinus,
1075 3391 1244 3475 pontificali
1260 3393 1355 3456 deeo-

272 3485 358 3544 ratus
373 3477 481 3557 intuta,
497 3480 632 3544 astitisse
648 3479 708 3543 sibi
723 3479 809 3543 visus
825 3487 882 3561 est,
905 3481 1065 3563 morbique
1080 3481 1182 3546 locum
1197 3497 1268 3546 curn
1284 3497 1356 3544 cos-

274 3565 347 3646 pide
361 3566 530 3648 pastoralis,
540 3565 659 3630 brachii
674 3568 823 3649 tetigisse.
860 3567 909 3632 Ad
925 3568 1011 3649 cuius
1026 3576 1138 3633 tactum
1153 3570 1235 3634 visio
1251 3569 1356 3650 dispe-

273 3654 347 3734 ruit,
371 3661 401 3717 el
416 3653 554 3719 seminus
570 3656 757 3736 morbusque
772 3657 889 3734 puriter
904 3655 1063 3737 abscessit,
1085 3655 1200 3722 lineola
1215 3658 1356 3740 quadam,

274 3740 344 3804 vice
360 3742 524 3820 cicatricis,
549 3742 758 3806 tantummodo
774 3742 931 3806 derelicto.
965 3745 1092 3810 sanitati
1106 3745 1212 3827 itaque
1226 3745 1356 3809 restitu—
1451 3795 1452 3802 ,

275 3831 324 3890 tus
340 3829 372 3892 in
389 3830 464 3893 tanti
480 3835 603 3910 umque
618 3829 789 3894 admirandi
804 3829 945 3894 beneficii
959 3837 1139 3914 perpetuam
1154 3840 1186 3896 et
1201 3831 1356 3896 indelebi-

274 3913 337 3978 lem
352 3917 528 3980 memoriam
545 3921 576 3980 in
599 3917 676 3982 urbe
691 3917 808 3982 Leodio
824 3921 969 3998 vestram,
994 3937 1061 3982 cum
1084 3920 1157 3984 dote
1173 3920 1354 3984 cumulatis-

275 4000 363 4079 sime,
389 4004 460 4084 pios
474 4011 564 4083 pater
583 4007 756 4070 construxit
769 4003 945 4086 Ecclesiam,
971 4013 1002 4069 at
1023 4009 1103 4071 inter
1123 4010 1285 4092 utriusque
1299 4023 1355 4068 ee-

276 4089 390 4160 clesiae
405 4094 678 4174 congregationem
701 4093 814 4161 tlrnuri
837 4087 1005 4176 perpetuae
1019 4095 1220 4164 tratemltatis
1234 4091 1355 4162 conlc-
