2938 4716
285 299 324 365 to

284 481 520 564 bethelingtmsi
554 482 703 546 coenobio
735 481 871 544 abbatem
900 481 1107 561 praetererit.“
1129 517 1169 530 -
1193 481 1327 564 lagullus

284 591 392 661 autern,
412 585 460 664 qui
483 584 560 646 baec
583 583 646 663 ipsa
669 584 771 659 sciret,
792 581 936 662 simulque
957 581 996 644 de
1015 581 1128 644 loanae
1150 584 1253 659 Sento,
1277 582 1328 644 in-

282 685 410 767 genioso
432 685 482 747 illo
503 682 692 764 pbilosopbo,
713 699 749 742 ea
772 682 968 759 serenante,
999 699 1056 762 que
1078 681 1220 743 Allredus
1243 683 1327 755 vtxn,

284 784 361 864 apud
384 783 483 846 Gallos
506 784 683 858 notissimo,
718 789 749 842 ut
770 781 898 858 videtur,
922 781 1103 859 audivisset,
1140 799 1216 862 quos
1248 782 1326 842 duos

282 884 396 946 babere
428 883 548 958 debuit,
576 899 631 958 eos
652 899 741 944 unum
763 882 950 963 eundemque
972 883 1083 960 babuit,
1113 889 1202 962 atque
1235 882 1323 943 boios

286 1001 397 1046 nornen
420 983 533 1046 nomini
556 980 633 1043 illius
654 989 791 1062 tunquam
814 1000 981 1063 cognomen
1003 983 1122 1044 adiecit.

366 1084 513 1158 Quoniam
545 1090 642 1144 autem
668 1083 929 1146 Staudennraierus
951 1082 1242 1144 blalmesburiensam
1266 1099 1325 1162 po.
1389 1156 1394 1170 Ι

283 1185 426 1247 tissimum
448 1185 591 1264 sequitur,
614 1184 701 1245 etiam
726 1182 763 1244 de
786 1183 845 1244 boo
862 1183 1009 1263 sigillatim
1026 1181 1165 1244 nonnulle
1179 1183 1325 1244 dicemus.

284 1285 312 1346 ls
335 1285 425 1365 igitur
443 1286 602 1365 praecipue
633 1286 662 1346 in
686 1284 742 1348 bac
762 1288 934 1348 narratione
956 1285 994 1346 de
1014 1286 1105 1348 Sooto
1127 1291 1229 1346 nostro
1251 1301 1327 1346 sae-

282 1386 348 1466 pius
370 1382 563 1445 vehementer
583 1385 703 1446 erravit.
935 1459 936 1464 ἵ

366 1483 455 1546 Cuius
476 1485 520 1546 rel
540 1501 629 1546 unum
651 1483 815 1562 exemplum
845 1486 902 1544 inm
931 1484 1118 1563 protulimus,
1152 1500 1209 1543 nea
1242 1481 1326 1562 plura

284 1581 406 1644 desunt:
441 1585 482 1646 ait
504 1585 581 1646 enirn
597 1587 658 1662 ³¹),
698 1584 813 1646 Florum
828 1587 869 1660 ³²)
891 1586 1050 1665 scripsisse
1073 1584 1219 1646 adversos
1242 1583 1327 1646 Saoti

283 1683 390 1746 librum
413 1684 457 1744 de.
474 1684 532 1746 dir.
559 1691 693 1762 naturae,
714 1703 801 1766 quum
822 1685 976 1764 scripserit
999 1685 1144 1748 adversus
1165 1685 1269 1746 librum
1285 1684 1327 1746 de

275 1779 569 1864 praedestinatione,
592 1793 621 1847 et
642 1792 804 1866 quaesunt
825 1785 959 1848 eiusdem
981 1786 1113 1867 generis.
1146 1784 1262 1848 Deinde
1285 1801 1327 1845 ne

284 1884 314 1948 itl
340 1885 458 1965 quidem
481 1886 691 1968 negligendum
711 1892 779 1965 est,
812 1886 892 1967 quod
926 1888 956 1948 in
987 1885 1063 1948 libro
1093 1901 1147 1948 suo
1170 1884 1209 1948 de
1228 1885 1326 1965 gestis

283 2001 388 2065 regum
412 1986 633 2067 Anglorum³³)
654 2003 715 2049 rem
736 1993 770 2049 ut
794 1987 910 2050 dubiam
936 1994 1053 2048 narrat:
1076 1989 1166 2048 utitur
1193 1984 1328 2048 locutio-

264 2087 381 2163 nibus,
403 2087 505 2164 quales
526 2094 594 2148 sunt
617 2088 792 2164 „ereditur‘t
815 2124 856 2136 -
874 2095 927 2166 „ut
947 2089 1062 2150 lertnr“
1084 2121 1126 2136 -·
1144 2085 1247 2166 „quod
1267 2084 1326 2146 sub

284 2185 422 2265 ambiguo
445 2203 504 2248 non
526 2187 681 2248 dixerim.“
707 2223 748 2236 -
783 2187 965 2266 Quamquam
997 2187 1062 2250 aliis
1090 2186 1220 2262 tonsu)
1251 2184 1328 2246 nibil

284 2285 407 2348 dubitat
449 2285 536 2359 Quod
557 2292 654 2348 autem
677 2286 724 2350 bis
746 2288 818 2368 ipsis
839 2287 914 2349 locis
946 2287 1048 2350 adiicit
1072 2293 1125 2367 „ut
1146 2286 1328 2365 exscriptis

285 2387 367 2466 regis
401 2387 550 2463 (illlredi)
580 2387 728 2462 intellexi,
763 2385 923 2462 (loannes)
943 2386 1077 2450 sublimis
1099 2386 1327 2450 lllalmesburiae
1439 2383 1442 2394 '

285 2485 419 2550 resedire
439 2521 476 2534 -·
497 2488 572 2549 boec
595 2486 743 2568 prolecto,
768 2487 858 2550 rebus
881 2487 1010 2568 alioquin
1031 2488 1083 2564 ita,
1104 2486 1327 2567 utexplioatum

286 2593 350 2663 est,
386 2605 421 2650 se
451 2587 640 2662 habentibus,
669 2605 769 2667 parurn
789 2604 847 2650 nos
870 2597 998 2652 movent.
1022 2587 1135 2650 -Est
1159 2589 1236 2650 enim
1259 2587 1328 2648 lor.

274 2695 377 2764 tasse,
403 2695 435 2750 ut
456 2707 495 2750 err
515 2689 597 2768 regis
617 2688 735 2769 scriptis
755 2688 933 2752 intellexerit
953 2689 1125 2767 „resedisse
1146 2687 1329 2750 blalmesbu-

285 2789 350 2852 riae
371 2787 533 2851 loannem*
554 2825 594 2838 -
616 2789 654 2850 de
674 2805 730 2852 suo
753 2796 849 2852 autem
871 2789 1029 2868 addiderit,
1050 2788 1154 2851 eadem
1178 2789 1242 2850 lere
1259 2805 1327 2850 curn

285 2887 402 2970 logullo
426 2888 551 2968 ratione,
573 2887 687 2971 „luisse
710 2889 788 2952 bunc
799 2890 938 2952 loannem
950 2892 1069 2954 Scotum
1080 2889 1326 2971 Erigonam.“-

284 3059 575 3075 *ua-nn*-

385 3158 466 3209 merit
484 3167 637 3226 praeterea,
666 3157 766 3210 vixisse
782 3158 861 3242 illurn
881 3155 1073 3210 Eeldaaxonem
1093 3158 1164 3228 opud
1183 3157 1275 3209 Gallos
1297 3157 1325 3206 in

387 3247 548 3297 monastario
570 3246 736 3311 corbeiensi,
756 3265 809 3318 quo
829 3256 884 3299 tum
899 3249 989 3318 plures
1004 3247 1124 3300 Saxones
1136 3265 1168 3300 er
1184 3245 1326 3298 Germania

387 3332 516 3385 oriundos
534 3333 695 3385 educabant.
712 3364 746 3378 -

321 3437 369 3504 31)
392 3437 425 3488 cl'.
446 3437 543 3488 Thoria.
565 3437 641 3490 Gale.
659 3437 675 3488 l.
687 3435 705 3487 l.
723 3443 784 3488 teat.
806 3455 832 3508 p.
850 3435 928 3488 6-8.
946 3467 980 3478 -

322 3539 370 3607 32)
392 3539 423 3590 lt.
442 3555 467 3594 e.
485 3539 512 3592 S.
535 3539 715 3602 Prudentius,
744 3540 826 3610 epioe.
854 3541 1031 3606 'balsaminum
1056 3541 1131 3593 euius
1151 3555 1248 3591 nomen
1269 3543 1327 3589 erat

388 3627 499 3691 „Florus
518 3626 677 3680 Prudentius
693 3626 831 3679 Galiud0“
849 3657 882 3670 -
901 3629 944 3680 rel
957 3630 1060 3692 Florus,
1079 3628 1206 3680 diaconus
1218 3623 1326 3694 Lugdu-

387 3714 486 3774 nensis,
503 3714 546 3764 cui
566 3714 600 3763 ab
619 3711 755 3784 aliquibus
775 3715 846 3768 liber
863 3715 957 3768 eccles.
978 3715 1061 3788 Lugd.
1081 3715 1326 3768 adversusScoturn

386 3799 525 3856 tribuitur.

319 3903 366 3972 33)
385 3904 419 3958 cl'.
438 3905 528 3958 Natal.
546 3905 620 3957 Alex.
638 3905 659 3960 l.
677 3905 724 3958 ait.
741 3903 763 3976 §
782 3901 828 3957 111.

322 4007 369 4075 (ll)
389 4007 468 4082 Apud
481 4009 558 4063 Gale.
578 4007 766 4078 1.t.p.6-8.
788 4035 823 4048 -
