2940 4710
607 279 815 377 ...323-
853 297 855 302 '

169 437 320 512 teretem,
348 431 415 494 euin
443 428 652 516 praedonibus
667 429 849 512 prostravit.
887 431 967 494 Num
993 429 1089 512 igitur
1110 449 1195 512 eom,
1216 436 1270 492 aut
1398 505 1400 510 ι

169 560 262 622 quam
280 559 342 602 nou
357 540 471 602 habuit
483 544 537 602 aut
549 557 641 620 quam
657 557 714 598 suo
732 536 848 598 scelere
864 535 1014 620 perdidit,
1030 535 1115 600 illiue
1125 557 1276 620 rpoream.

168 645 285 730 repuli
311 645 424 710 Sedem
441 649 542 706 autem
561 643 727 706 multorum
741 639 930 725 populorum
945 643 1089 706 refertam
1107 643 1223 706 advena
1239 652 1272 716 et

169 755 353 838 peregrinor
366 751 463 814 nullia
480 751 580 814 iretue
594 753 708 834 opibus
724 747 1098 832 pervaderequidpotuii
1117 747 1179 811 Sed
1189 751 1269 812 iorte

170 859 342 945 apostoliea
358 857 448 922 aeder
462 860 555 921 nobie
567 860 753 940 opponitur:
773 862 929 937 tamquam
945 876 980 918 ea
996 854 1171 919 inconsulta
1186 875 1270 918 aum-

169 987 253 1031 rnum
271 967 332 1030 hoo
345 967 503 1046 negotium
519 964 696 1028 diroueeum
714 963 772 1040 ait,
790 961 837 1022 vel
851 962 1023 1044 ignorantia
1043 958 1093 1022 vel
1109 955 1271 1026 canterma-s

172 1075 232 1136 eia.
254 1073 345 1134 Certe
361 1069 443 1134 nihil
463 1077 566 1134 aetum
581 1069 631 1132 vel
647 1070 797 1152 agendum
812 1071 883 1147 iuit,
899 1067 981 1149 quod
998 1069 1188 1150 apostolicae
1203 1067 1271 1130 nodi

170 1176 304 1242 relatum
317 1197 378 1242 non
395 1177 507 1243 inerit:
533 1175 671 1260 ejusdem
684 1197 741 1259 per
755 1182 826 1237 oeto
843 1180 876 1236 et
893 1173 999 1236 decem
1014 1193 1135 1236 menaea
1159 1193 1271 1255 expoe-

170 1289 237 1347 iata
257 1287 423 1348 contentia.
452 1281 515 1348 Sed
540 1282 612 1345 dum
630 1285 668 1346 ab
687 1283 865 1344 hominibue
883 1279 1047 1342 eonsilium
1064 1284 1273 1365 nuncapium,

172 1391 214 1453 ad
227 1389 285 1454 lilii
300 1392 357 1453 Dei
374 1393 607 1474 supereminens
625 1389 783 1471 eloquium
800 1389 989 1450 recurritur:
1013 1387 1048 1448 Si
1067 1387 1177 1451 ocrdue
1199 1395 1272 1452 tuus

174 1495 366 1561 seandallnat
389 1504 420 1559 te
441 1505 501 1560 ete.
535 1498 650 1568 (Mare.
667 1496 713 1568 9.)
748 1498 793 1558 Et
816 1495 943 1556 fratrem
967 1502 1147 1578 peccantem
1171 1515 1274 1558 eoram
1301 1565 1305 1576 q

173 1603 307 1664 terrum·
336 1622 500 1685 coramque
526 1602 663 1666 eeclesia
683 1603 903 1664 commonitum
923 1607 954 1662 et
973 1621 1034 1662 uon
1056 1601 1276 1692 obaudientem*

174 1705 313 1769 decernit
328 1707 504 1786 habendum
519 1716 675 1792 tamquam
693 1710 852 1770 ethnicum
871 1715 904 1769 et
919 1708 1130 1788 publicanum.
1143 1709 1275 1782 (Maith.

173 1813 243 1887 18.)
269 1813 447 1878 Conventus
463 1836 536 1899 ergo
550 1815 730 1897 Arnulphue
753 1820 785 1875 et
800 1815 1004 1876 commouitue
1021 1813 1125 1876 literis
1143 1821 1175 1876 et
1190 1815 1276 1896 lega-

176 1921 218 1982 tia
235 1920 453 2003 epieooporum
478 1899 674 2006 Galilae,'ut
697 1939 716 1982 a
740 1926 850 2002 eoepto
872 1919 977 1981 iurore
1003 1918 1170 1983 desisteret
1190 1929 1232 1999 et,
1246 1925 1275 1984 ei

176 2024 301 2102 valeret,
322 2021 559 2109 quoquomodo
581 2049 614 2093 ee
630 2049 649 2090 a
667 2025 856 2110 proditionis
880 2025 997 2088 reelere
1015 2034 1180 2109 purgaret:
1203 2028 1275 2091 dum

177 2134 293 2196 monita
306 2132 444 2198 ralubria
460 2136 647 2212 contemnit,
669 2133 795 2195 habitur
819 2139 869 2194 ert
891 2140 1047 2216 tamquam
1073 2133 1216 2197 ethnicus
1244 2140 1276 2197 ot

178 2238 372 2320 publicanae.
403 2242 468 2302 Neo
489 2245 591 2302 tamen
613 2241 732 2304 ideireo
749 2237 939 2322 dijudicatur
958 2247 994 2303 ut
1010 2240 1155 2304 ethnicus
1169 2242 1208 2305 ob
1225 2262 1276 2303 re-

177 2346 345 2409 verentiam
361 2345 444 2408 aedis
469 2345 659 2427 apostolieae
684 2347 912 2430 eacerdotiique
929 2349 1010 2408 eaeri
1025 2345 1204 2429 privilegia:
1220 2347 1276 2410 ned

179 2471 198 2512 a
217 2472 251 2514 ee
266 2453 336 2535 ipro
358 2453 390 2514 in
406 2454 558 2536 reipsum
585 2452 789 2516 damnationis
821 2456 977 2516 sententia
995 2455 1078 2534 lata,
1097 2455 1159 2518 hoe
1174 2455 1275 2518 nolum

180 2575 249 2644 eum
271 2560 303 2621 in
328 2559 411 2622 omni
432 2559 495 2620 vita
518 2577 574 2620 oua
590 2560 750 2642 praeclare
770 2563 871 2640 egisse
891 2560 1095 2645 dijudicatum
1112 2569 1170 2624 oet.
1194 2565 1274 2642 Quin

179 2666 325 2728 nimirum
347 2666 376 2729 ri
399 2685 433 2729 ne
454 2666 526 2748 ipro
555 2666 716 2729 damnante
749 2669 889 2750 episcopi
913 2668 1126 2746 absolverent,
1147 2689 1275 2752 poenam

181 2770 307 2838 eeelerle
332 2775 399 2856 eju·
426 2774 629 2854 iuourrerent.
656 2774 703 2853 Si,
724 2775 826 2855 inquit
842 2793 970 2856 magnus
984 2773 1048 2858 Leo
1062 2795 1154 2858 papa,
1169 2795 1276 2837 omnes

181 2877 359 2942 raeerdotee
374 2879 546 2943 eimundus
560 2883 712 2943 aarentiat
728 2878 922 2958 damnandis,
939 2879 1090 2942 damnatio
1105 2884 1277 2970 artrentien-¹
1365 2889 1367 2896 '

179 2988 227 3046 ten
251 2982 391 3048 involvit·
421 2986 490 3048 lloe
515 2988 596 3048 enim
620 2988 769 3052 Dominus
792 2989 929 3051 omnium
945 2985 1112 3064 indicavit,
1135 2987 1189 3066 qui
1203 3007 1278 3068 pee-

181 3096 301 3170 oantem
316 3091 463 3156 mundum
476 3093 613 3174 generali
633 3093 749 3157 diluvio
770 3094 937 3180 interemit.
958 3094 1001 3156 let
1016 3111 1097 3176 papa
1113 3091 1278 3156 Gelaeiuer

180 3197 295 3276 Error,
323 3201 378 3280 qni
403 3199 499 3264 ronrel
514 3207 563 3262 eet
578 3221 647 3264 eum
665 3219 721 3262 nuo
739 3206 848 3262 autore
867 3200 1048 3279 damnatae,
1070 3200 1102 3262 in
1122 3201 1276 3284 participo

182 3303 321 3384 quolibet
345 3325 458 3389 parvae
484 3309 708 3371 eomruuuionie
734 3309 842 3370 effecto
866 3309 1092 3371 execrationem
1111 3308 1160 3368 rui
1176 3311 1279 3387 gestat

182 3417 214 3474 et
235 3431 377 3496 poenam.
403 3413 541 3476 Exoluro
565 3416 670 3496 itaque
691 3412 746 3476 sslo
763 3415 909 3477 ilamensi
933 3414 1064 3476 eeclesia
1081 3412 1159 3475 mihi
1175 3409 1278 3474 relue-

181 3522 260 3582 tanti
283 3519 475 3602 multumque
497 3541 544 3600 ea,
561 3541 639 3602 quae
661 3539 773 3604 patrue
793 3539 860 3584 eum
876 3527 908 3584 et
925 3519 1027 3584 adhuc
1041 3521 1157 3602 patior,
1172 3519 1278 3582 iornrl-

182 3621 268 3686 danti
284 3645 301 3686 a
315 3624 463 3690 iratribue
480 3629 558 3692 mele
577 3625 748 3690 Gallianum
764 3629 920 3710 epiecopir
936 3627 997 3688 hoo
1015 3647 1095 3690 ouun
1112 3625 1280 3690 sacerdotii

185 3730 242 3792 rub
262 3730 359 3794 divini
378 3736 514 3796 neminie
536 3735 741 3798 obtestatione
756 3735 934 3818 imperitum
953 3740 1009 3798 eei.
1033 3726 1152 3813 Quodsi
1166 3733 1280 3796 fortea

184 3841 282 3932 neeri·
294 3837 415 3919 legibue
431 3842 590 3923 quippiam
606 3841 762 3904 deviatum
776 3847 843 3920 eet,
862 3859 924 3902 uon
948 3839 980 3903 id
996 3840 1114 3904 malitia
1131 3840 1188 3904 red
1201 3847 1278 3904 iem·

186 3945 274 4026 perir
286 3945 466 4026 importavit
483 3949 664 4010 necessitas.
685 3946 834 4029 Alioquin
851 3953 988 4030 tempore
1004 3948 1114 4010 hostili
1131 3951 1280 4030 omnejm

186 4067 336 4130 omneque
348 4045 470 4117 licitum
488 4073 614 4139 qaaere,
631 4054 707 4138 quid
724 4062 774 4118 ert
792 4053 877 4117 aliud
894 4075 984 4136 quam
1000 4057 1133 4137 patriam
1149 4053 1281 4142 perdere

185 4163 218 4218 et
230 4175 337 4220 neeern
354 4157 491 4224 inferret
511 4161 613 4226 Silent
628 4161 771 4245 equidem
791 4161 875 4244 leger
889 4163 970 4224 inter
987 4181 1082 4238 arma,
1098 4162 1210 4245 quibua
1228 4157 1281 4222 ille
