2938 4716
292 339 333 404 20

292 519 409 596 queant.
451 511 556 576 Buleus
581 515 670 595 igitur
689 520 719 576 et
737 515 860 590 litseus,
883 516 932 595 qui
951 514 1122 590 „historiam
1144 513 1314 576 litterariam

256 617 260 626 '
291 617 517 678 Britannorum“
533 621 768 694 composuerunt,
791 621 927 694 quantum
944 630 999 676 nos
1014 612 1129 692 quidem
1144 613 1315 689 celerose),

291 713 377 792 primi
398 712 435 774 de
467 713 523 775 illis
554 714 839 794 peregrinationibus
869 717 1026 794 scripsere.
1068 713 1175 775 Verum
1207 711 1315 774 l'rustrn

291 813 373 892 ipsos
393 814 430 874 iis
451 812 646 874 defendendis
666 821 752 893 etque
773 814 952 876 allirmandis
985 819 1109 876 conatos
1136 829 1225 888 esse,
1257 813 1314 873 iam

256 981 258 986 ,
291 931 331 976 ex
351 913 501 976 Bructero
523 918 553 973 el
568 913 678 975 Tboma
696 914 840 991 Galeo³⁰)
857 915 1052 995 intelligimus.
1073 913 1190 976 Multum
1207 911 1315 974 deinde

292 1014 420 1076 tribuunt
440 1014 476 1075 iis
501 1014 609 1091 verbis,
628 1031 705 1094 quae
728 1023 758 1076 ut
778 1017 889 1096 „ipsius
903 1015 1051 1096 Erigonae
1067 1013 1315 1093 nerballogorum

291 1111 439 1176 baconem
460 1113 620 1176 memoriae
643 1114 809 1194 prodidisse
826 1115 958 1198 legamus
975 1115 1051 1195 apud
1066 1115 1136 1176 Ant.
1152 1113 1313 1189 Wood'ltj,

294 1209 452 1274 dummodo
473 1211 609 1293 llogeros
628 1212 709 1276 Raco
732 1211 770 1276 de
802 1233 905 1278 eorum
936 1222 1058 1279 auctora
1095 1230 1157 1275 non
1190 1230 1316 1276 errave-

291 1315 330 1376 rit
340 1315 415 1389 ⁸²).“
454 1313 516 1376 Nos
537 1320 646 1394 autem,
667 1317 694 1378 si
716 1317 786 1395 quid
807 1315 953 1395 videmus,
975 1317 1062 1378 etiam
1085 1314 1144 1377 boo
1166 1312 1315 1376 latendum

290 1429 361 1476 esse
381 1412 572 1492 arbitramur,
605 1433 643 1477 na
672 1416 784 1478 Baooni
814 1417 930 1498 quidem
962 1416 1010 1478 illa
1032 1417 1121 1477 verba
1142 1415 1315 1477 necessario

292 1511 490 1576 adscribenda
512 1533 589 1577 asse.
632 1515 676 1578 lta
697 1519 776 1580 onim
796 1517 844 1580 illo
873 1519 940 1579 loeo
969 1517 1107 1598 scriptum
1134 1521 1197 1576 est:
1228 1515 1316 1588 „llo-

290 1631 381 1697 gerus
405 1615 430 1676 si
451 1615 566 1694 quidem
589 1619 725 1680 Baconus
746 1663 754 1678 .
776 1667 784 1683 .
809 1663 817 1678 .
839 1634 892 1697 pro
913 1617 1054 1680 fidissimo
1077 1635 1142 1678 eum
1162 1616 1314 1692 (Scotum)

293 1759 303 1780 .
327 1760 363 1778 ..
386 1715 548 1796 linguarum
570 1717 756 1796 interprete.
780 1763 788 1778 .
812 1716 1002 1797 depraedicat
1031 1719 1076 1795 (in
1098 1716 1206 1796 glossis
1227 1731 1316 1795 super
1367 1767 1382 1784 .

291 1815 396 1880 librum
425 1815 594 1878 Aristotelis
628 1815 666 1878 de
695 1817 821 1879 secretis
865 1823 1047 1880 secretorum
1077 1853 1118 1864 --
1148 1834 1186 1876 m.
1216 1815 1315 1893 script.

291 1933 320 1997 p.
344 1918 399 1993 4);
423 1916 470 1978 oui
495 1915 679 1978 tribuendum
698 1933 788 1996 porro
809 1923 923 1990 censet,
944 1917 1024 1997 quod
1045 1916 1127 1978 libris
1144 1912 1315 1994 quibusdum

292 2015 490 2080 aristotelicis
511 2019 592 2080 veris
615 2035 651 2080 ao
669 2017 806 2097 genuinis
829 2017 958 2078 fruimur.
1000 2017 1065 2079 Non
1097 2014 1200 2093 reliqui
1221 2013 1317 2074 locum

292 2118 400 2198 (inquit
419 2116 467 2178 ille
487 2116 630 2194 loannes)
652 2135 710 2179 nec
730 2118 876 2198 templum,
895 2120 925 2180 in
944 2119 1048 2198 quibus
1062 2114 1227 2196 philosophi
1241 2129 1318 2174 oon-

294 2223 455 2280 sueverunt
475 2235 654 2298 componere
676 2224 706 2278 et
726 2237 874 2299 reponere
898 2237 951 2280 sua
972 2235 1062 2298 opera
1083 2222 1213 2292 secreta,
1243 2231 1318 2294 quae

294 2333 354 2378 non
379 2317 506 2391 visitavi,
536 2335 594 2378 nec
617 2317 742 2397 aliquem
765 2318 981 2398 peritissimum,
1017 2334 1103 2395 quern
1124 2314 1240 2378 credidi
1261 2313 1318 2376 ba-

293 2417 366 2478 bere
387 2417 512 2495 aliquam
534 2418 666 2479 notitiam
690 2416 728 2480 de
749 2419 865 2498 seriptis
885 2417 1114 2497 philosophicis,
1150 2434 1236 2497 quem
1258 2431 1318 2476 non

295 2517 470 2600 exquisiviss
490 2557 529 2568 -

377 2616 460 2690 Quae
481 2617 568 2696 igitur
591 2618 692 2696 verba,
713 2621 739 2680 si
760 2636 798 2680 ne
821 2620 948 2680 liaconis
969 2620 1087 2701 quidem
1107 2623 1185 2698 sint,
1219 2622 1319 2682 incor-

215 2731 217 2743 ·
296 2720 354 2780 lius
374 2719 462 2779 etiam
484 2725 544 2795 est,
579 2735 647 2779 num
678 2721 737 2781 sint
765 2719 922 2802 Erigonae.
965 2720 1055 2798 Esto;
1093 2722 1255 2784 habeantur
1280 2726 1320 2784 ‚et

296 2818 426 2883 Raoonis
447 2825 476 2880 et
494 2817 650 2900 Erigenao.
693 2820 769 2894 Quid
802 2822 894 2883 inde?
932 2823 1005 2885 Num
1028 2821 1065 2884 de
1087 2841 1122 2884 ea
1145 2823 1320 2904 peregrina-

297 2922 378 2982 tione
399 2919 566 3000 loquuntur,
602 2937 687 3000 pram
710 2939 797 3002 supra
820 2922 969 2987 diximus?
987 2961 1028 2972 —
1050 2924 1229 2999 corruerint,
1260 2921 1321 2998 uhi,

298 3019 377 3102 quod
399 3037 469 3082 mox
492 3020 596 3084 lecturi
616 3039 733 3100 sumus,
764 3025 902 3104 graviora
925 3043 961 3087 ao
984 3027 1111 3086 certiora
1132 3026 1204 3104 ipsis
1226 3039 1322 3102 oppo-

298 3121 503 3196 suerimus³³).
527 3159 567 3171 -
590 3121 662 3185 Sunt
682 3123 819 3206 denique,
840 3125 889 3204 qui
912 3131 1021 3206 putent,
1051 3125 1096 3187 vel
1118 3142 1154 3185 ea
1175 3122 1211 3184 dc
1233 3139 1321 3186 causo

296 3271 585 3286 ffl-

332 3357 381 3427 29)
399 3360 432 3414 cl.
450 3357 570 3411 Bracker.
591 3361 637 3411 nl.
654 3377 680 3430 p.
701 3359 769 3424 615,
787 3357 883 3411 Thoen.
903 3357 977 3410 Gale.
998 3359 1016 3408 l.
1029 3359 1046 3408 l.
1067 3362 1164 3411 testim.
1184 3377 1211 3429 p.
1229 3359 1253 3410 9.

331 3463 379 3531 30)
402 3463 436 3515 cl.
457 3465 508 3516 loc.
530 3463 601 3516 laud.

334 3569 381 3634 31)
399 3569 432 3623 ol.
452 3569 549 3620 Histor-
570 3575 598 3620 et
618 3569 700 3636 antiq.
720 3568 797 3620 Unio.
815 3567 900 3619 Oxou.
921 3561 988 3618 1674
1009 3565 1056 3616 sol.
1076 3564 1132 3616 Lib.
1154 3567 1175 3621 1.
1194 3583 1219 3633 p.
1241 3566 1280 3617 15.

333 3675 381 3737 ³2)
397 3673 432 3726 cl.
453 3672 538 3723 Hiert.
554 3690 582 3746 p.
599 3671 717 3738 38-393
736 3672 946 3724 Staudeumuier.
967 3687 993 3738 p.
1014 3667 1157 3720 rte-not.

334 3777 381 3846 33)
403 3776 525 3828 Ceterum
544 3776 623 3826 etiam
646 3777 688 3826 Dr.
710 3773 857 3839 Hoeirium,
888 3773 918 3824 V.
938 3774 992 3834 Cl.,
1011 3773 1069 3832 his,
1102 3789 1170 3842 quae
1189 3771 1321 3832 dicuutur,

398 3863 526 3932 Erigonae
548 3863 642 3926 verbis,
661 3869 762 3913 motum
780 3848 838 3913 ersa
854 3869 981 3931 apparet,
1009 3859 1155 3911 concodeus
1174 3859 1243 3910 enirn
1263 3858 1291 3922 (i.
1304 3859 1322 3909 l.

404 3969 430 4022 p.
449 3951 495 4022 35)
513 3949 547 4002 de
566 3949 705 4002 itineribus
722 3952 759 4000 ita
778 3951 884 4001 scribit:
908 3949 956 4010 „Er
975 3947 1033 3998 lam
1054 3947 1121 3998 uach
1139 3963 1244 4014 grosreu
1263 3945 1323 3996 oei·

404 4056 459 4102 aen,
478 4037 522 4095 dio
541 4054 568 4089 er
587 4053 633 4090 zur
651 4035 822 4106 bulsuchung
841 4034 1069 4108 philosophiaeber
1089 4032 1186 4086 Werke
1213 4031 1267 4088 aad
1288 4031 1323 4084 im
