2944 4714
110 419 316 496 donationem,
342 423 374 484 et
392 415 505 484 litteris
521 435 561 483 ne
577 424 750 496 temporum
766 413 903 482 instabili
919 420 1004 482 motu
1019 432 1036 478 a
1052 417 1200 495 postero-

110 529 178 577 ruur
194 507 345 584 memoria
359 506 524 582 laberetur,
540 505 719 586 procuravit
732 505 883 571 nuncubi.

199 595 332 676 llujusce
355 595 402 658 rei
424 594 524 674 gratia
550 611 660 660 cursor
679 601 710 656 et
725 593 850 656 nuntius
866 597 980 667 vester,
1000 589 1082 654 later
1106 607 1201 672 prae-

114 683 260 763 sentium,
277 680 711 745 cumtestimoniollttenarum
723 689 906 755 vestrarum,
922 679 1066 755 venians,
1080 695 1202 760 aprae-

115 769 246 836 donibus
270 771 303 832 in
327 768 431 832 via...
447 812 476 832 ..
501 768 612 832 litteris
634 769 794 848 spoliatus,
815 765 1002 848 exemplaria
1025 765 1116 830 nobis
1131 773 1203 827 tan-

117 857 272 922 tummodo
289 855 463 920 chartarum
474 863 614 919 veterum
625 873 720 936 super
736 855 841 920 eadem
858 854 1121 918 conloederntionc
1136 853 1203 915 lra-

12 1023 13 1030 Ὶ
116 946 268 1010 tenuitatis
285 946 539 1026 conscriptarum,
556 961 632 1026 quas
647 942 727 1024 apud
738 962 795 1007 vos
811 942 985 1016 custoditis,
1003 944 1128 1006 nornine
1143 959 1204 1004 ve·

114 1042 180 1099 stro
192 1033 414 1113 praesentavit,
430 1031 760 1112 verboquereseraait,
777 1032 924 1096 mentium
934 1037 1205 1096 veslrarumaanc-

116 1127 180 1184 tum
207 1126 238 1182 et
260 1118 424 1184 admodum
449 1117 694 1182 commendabile
715 1117 922 1194 desiderium,
946 1124 978 1182 et
1003 1118 1206 1193 caritativum,

118 1225 211 1289 quem
238 1206 274 1269 ad
291 1224 349 1269 nos
364 1212 396 1269 et
410 1205 446 1269 ad
464 1205 687 1270 observandam
707 1205 947 1288 perpetuandam
963 1205 1064 1270 dictae
1078 1203 1206 1268 confra-

119 1294 217 1357 ternis
233 1293 541 1371 confoederationem,
556 1295 674 1375 peratis
685 1293 844 1371 allectum3
861 1291 1206 1373 undemultiplicesvc-

12 1383 13 1390 ’
119 1389 201 1444 strae
213 1375 354 1444 charitati
369 1401 433 1446 non
448 1383 602 1446 immerite
618 1382 781 1460 coegimur
796 1381 917 1445 referre
928 1381 1096 1460 gratiarum
1106 1381 1208 1446 actio·

120 1486 186 1546 nes,
210 1467 400 1548 spondentes
423 1467 550 1532 eandem
575 1467 880 1542 conloederationem,
899 1468 988 1548 J'unta
1014 1465 1123 1531 leriam
1148 1486 1208 1531 au·

118 1555 245 1620 thentioi
266 1574 363 1638 super
384 1556 467 1620 illam
489 1555 602 1620 dudum
618 1556 795 1634 conscripti,
818 1557 976 1636 perpetuis
1000 1556 1113 1620 laturis
1127 1563 1209 1620 tem-

118 1643 246 1726 poribus
270 1647 456 1709 amariore:
482 1651 513 1706 et
535 1644 679 1724 quotiens
702 1642 847 1724 aliquem,
871 1644 1126 1726 congregationis
1148 1662 1209 1707 ve-

120 1737 203 1794 strae
225 1730 263 1793 ad
289 1749 346 1796 nos
371 1750 440 1796 cunr
462 1731 639 1796 testimonio
666 1729 836 1794 litterarum
862 1738 1037 1794 vestrarum
1070 1730 1211 1796 declinat

12 1843 13 1862 t
122 1815 301 1900 eontigerit,
322 1837 379 1900 pro
396 1817 522 1884 modulo
539 1827 664 1882 nostrae
682 1816 835 1880 facultatis
850 1816 987 1898 benigne
1009 1820 1164 1898 racipere,
1180 1825 1212 1884 el

120 1906 245 1968 sincere
262 1905 293 1968 iu
308 1906 443 1972 Domino
459 1913 602 1982 tractare,
624 1913 780 1970 annuente
796 1905 875 1980 Deo,
900 1911 930 1968 et
953 1906 1079 1970 domino
1101 1914 1210 1972 nostra

15 2007 22 2016 ‘
118 1991 196 2056 lesu
214 1991 347 2074 Christo,
371 1996 422 2074 qui
449 1995 570 2076 patroni
594 1995 693 2058 nostri
718 1995 847 2066 meritis,
871 2011 1068 2072 persuorum
1084 1995 1210 2058 semitas

119 2079 346 2160 mandatorum,
362 2081 412 2144 bic
427 2099 482 2144 sua
498 2083 612 2161 pietate
628 2099 686 2146 vos
701 2081 825 2164 dirigat.
850 2089 880 2146 at
896 2087 966 2161 post
981 2099 1103 2144 cursum
1120 2081 1212 2162 bajus

118 2169 205 2232 vitae
221 2187 288 2232 cum
306 2167 426 2245 eodem,
446 2186 592 2249 praesens
614 2170 646 2232 in
661 2170 733 2232 sinu
749 2165 892 2234 abranae
904 2168 1013 2247 jubeat
1028 2171 1211 2235 misericer-

120 2255 205 2320 diter
220 2256 383 2320 introduci.
425 2254 460 2318 ln
475 2255 562 2336 cujus
578 2257 625 2320 rei
641 2258 850 2320 testimonium
867 2263 1061 2336 praesentem
1078 2255 1212 2320 cbarlam

120 2361 181 2424 per
200 2345 352 2407 notarium
376 2349 407 2408 et
428 2343 561 2406 scribam
582 2352 721 2408 nostrum
737 2344 943 2424 subscriptum
960 2345 1135 2422 praedictae
1150 2343 1213 2406 Ec-

122 2431 240 2494 clesiae
255 2438 379 2496 nostrae
394 2431 576 2496 canonicum
592 2439 623 2494 el
634 2431 873 2509 subscholarem,
890 2430 929 2492 de
943 2433 1086 2495 mandato
1103 2437 1212 2496 nostro

121 2518 334 2600 subsignatum
360 2517 448 2596 sieri,
471 2515 630 2600 sigillique
651 2520 767 2596 nostri,
792 2537 853 2600 quo
880 2519 973 2580 unico
996 2519 1211 2598 communiter,

116 2603 268 2684 jussimus
285 2613 315 2668 et
331 2606 459 2669 lecimus
482 2605 672 2685 appensione
695 2608 819 2670 muniri.
861 2607 970 2671 batum
987 2615 1018 2670 et
1033 2614 1133 2672 actum
1148 2611 1214 2674 Tu·

121 2693 213 2758 renis
228 2694 260 2756 in
278 2693 420 2758 Galleriis
434 2692 535 2757 dictae
558 2702 684 2758 nostrae
706 2693 856 2759 ecclesiae
877 2696 968 2758 nobis
985 2696 1061 2759 inibi
1077 2714 1215 2780 congre-

120 2781 218 2864 gatls,
233 2778 284 2842 dic
295 2781 345 2846 23.
362 2781 635 2859 mensisoctobris,
651 2783 870 2848 Aunedomini
886 2783 925 2846 bl.
936 2781 1216 2848 cccclxxxix.

120 2867 172 2932 sic
185 2867 404 2948 subscriptum,
419 2865 458 2932 dc
474 2867 615 2932 mandato
631 2870 834 2934 Dominarum
851 2868 1086 2935 Gullcreneium.

120 3075 304 3132 nnatta-
326 3075 374 3130 da
391 3075 433 3129 1·
450 3043 640 3130 οοιῐήῖίο
658 3076 709 3127 dn
725 3073 917 3130 sada-catut
934 3069 1151 3131 nanneni
1169 3079 1217 3132 alc

600 3164 750 3221 l’Autel.

214 3301 250 3370 ln
274 3303 388 3376 Christi
412 3309 549 3387 nomine,
573 3307 683 3374 Amen.
721 3306 785 3377 Nos
809 3309 997 3390 Alexander,
1020 3312 1219 3377 miseratione

125 3391 234 3459 divina
252 3395 417 3476 episcopus
433 3397 635 3472 Tusculanus,
654 3397 819 3462 cardinalis
835 3401 1000 3464 Farnesius
1016 3407 1219 3481 nuncupatus,

125 3481 159 3547 S.
176 3479 211 3544 ll.
227 3479 262 3544 E.
284 3483 587 3560 ricc-cancellarius,
611 3487 694 3564 Piae,
717 3493 748 3550 et
769 3489 955 3552 universalia
973 3487 1220 3554 Cenlraternita-

127 3571 169 3632 tis
185 3571 382 3636 sacratissimi
401 3572 548 3652 Corporis
563 3574 688 3638 Domini
705 3576 803 3638 nestri
818 3575 1042 3647 lesu-Christi,
1065 3577 1096 3638 in
1115 3575 1221 3638 eccle-

126 3657 177 3720 sia
193 3654 422 3722 domusBeatae
433 3661 546 3724 llariac
562 3679 655 3743 supra
667 3661 836 3726 llinersam
854 3663 893 3726 de
909 3663 1000 3740 Urbe,
1017 3661 1222 3726 ordinisFra·

129 3751 212 3808 trum
228 3743 486 3824 Praedicatorum,
506 3756 630 3813 erectae
646 3756 679 3812 el
693 3749 862 3828 institutae,
878 3751 1052 3826 Proiectum
1067 3767 1104 3812 ac
1119 3751 1222 3814 Asca-

128 3832 202 3894 nius
219 3833 383 3918 episcopua
401 3834 597 3912 Caesoninus,
620 3835 806 3917 llyppelitua
821 3836 1032 3902 Arridabenus
1055 3838 1222 3921 episcopua¹

127 3914 392 4000 Hierapetrensls,
408 3929 438 3984 et
453 3922 634 3986 Franciscus
651 3923 838 3988 Odesealcus
848 3924 1010 3988 Comensis
1027 3925 1123 4005 ipsius
1136 3925 1223 3988 Con*

130 4003 333 4072 fraternitatis
357 4008 651 4084 Administratoros,
673 4010 833 4076 Universis
865 4019 896 4074 et
917 4010 1048 4092 singulis
1074 4029 1224 4093 praesens

131 4091 289 4174 publicum
305 4103 336 4157 et
352 4100 533 4179 transumpti
551 4099 799 4174 instrumentum,
816 4098 941 4177 visuris,
956 4097 1093 4176 lecturis,
1110 4100 1226 4178 pariter

133 4187 166 4244 et
180 4181 341 4264 audituris,
355 4183 485 4250 salutem
502 4187 533 4250 in
554 4185 688 4250 Domino
704 4186 931 4266 sempiternam.
965 4186 1070 4335 Ιὶὶξειιι
1097 4185 1225 4248 laeirnur
