2940 4710
641 265 850 370 Q

195 417 338 482 cantibuo
354 436 413 480 non
423 413 623 483 mediocriter
635 419 757 502 dootur,
778 428 811 484 et
824 428 889 483 turn
898 421 931 482 iu
944 418 1016 500 boc,
1036 425 1104 483 tum
1118 421 1151 484 iu
1161 424 1295 488 caeteri·

192 525 324 590 multum
342 523 502 590 Ecclesiae
518 523 646 606 profuit.
667 526 807 608 lienique
824 523 1065 610 pulcherrimam
1084 526 1295 608 Sepuentiarn,

194 631 322 704 „Sancti
342 629 482 713 spiritu·
503 632 596 693 noble
619 631 697 694 acolt
719 630 853 713 gratia?
876 638 909 694 et
924 631 1168 713 [terpourorium
1191 631 1292 707 ,duda

192 744 226 800 et
240 734 444 812 Jerusalem?
467 737 625 800 contexuit
643 744 676 798 ot
692 736 754 800 alia
768 737 868 821 plura.
900 735 974 799 0tto
996 743 1069 819 pont
1092 743 1212 820 patrem
1231 738 1293 799 lm-

193 850 323 926 perator
346 839 472 920 ltaliae,
508 843 693 905 Gerbertnm
718 845 997 928 Archicplecopum
1021 841 1231 906 Ravennatem
1261 849 1293 906 et

192 969 263 1012 mox
288 949 402 1029 Papam
428 946 604 1011 Romanum
634 951 758 1014 creavit.
797 951 934 1032 Urgebat
958 950 1027 1031 ipae
1051 947 1192 1012 iortuuan
1217 969 1290 1012 ιιιιιι

190 1055 311 1118 fautore
326 1053 470 1134 Diabolo,
490 1063 527 1118 ut
540 1053 619 1116 nibil
631 1053 713 1134 quod
726 1055 821 1118 cernel
838 1057 1054 1137 excoptacnet,
1076 1055 1290 1138 imperfectum

191 1161 390 1242 relinqueret.
432 1161 571 1239 lienique
598 1161 761 1225 thesauro·
791 1161 865 1226 olim
894 1182 912 1225 a
936 1159 1113 1224 Gentilibua
1134 1159 1289 1239 detonsos,

190 1273 258 1330 arte
276 1267 503 1330 necromantiae
525 1263 659 1328 molibur
679 1267 851 1331 eruderatia
869 1273 1032 1346 inventor,
1063 1265 1287 1348 cupiditatibus

191 1373 258 1436 auia
280 1369 443 1454 implicuit.
474 1371 559 1436 Adeo
584 1373 794 1456 improborum
813 1375 844 1438 iu
866 1378 964 1440 Deum
986 1373 1057 1437 viiia
1079 1373 1227 1448 allectus,
1257 1377 1290 1432 et

189 1482 256 1564 ojua
274 1479 444 1541 abutuntur
463 1481 625 1562 patientia,
654 1501 731 1561 quoa
751 1481 804 1544 ille
827 1483 929 1545 redire
944 1479 1051 1544 mallet
1065 1498 1157 1560 quam
1175 1480 1287 1560 perire.
1376 1521 1378 1524 -

190 1583 254 1647 Sed
269 1585 386 1667 reperit
399 1583 522 1646 tandem
540 1587 593 1648 ubi
604 1589 833 1668 magisterruuc
850 1589 1003 1665 haereret,
1026 1593 1057 1648 et
1071 1592 1107 1647 ut
1118 1584 1181 1647 diei
1198 1581 1288 1662 colet,

189 1691 280 1771 quani
294 1691 402 1752 cornix
417 1690 536 1752 cornici
547 1689 654 1756 oculos
671 1692 829 1774 effoderet,
853 1693 924 1756 dnm
933 1694 1001 1776 pari
1014 1697 1081 1754 arte
1089 1690 1288 1753 tentamenti·

188 1799 257 1882 eju·
275 1799 461 1859 occurreret.
472 1839 481 1859 .
492 1838 517 1858 ..
1151 1881 1153 1886 Ι

272 1907 318 1969 lie
340 1903 493 1967 lietberto
514 1903 595 1966 loma
619 1904 786 1989 dispersit,
830 1903 949 1970 brdlece
973 1907 1033 1969 cibi
1051 1910 1174 1968 atatuae
1193 1907 1287 1985 caput

190 2018 276 2075 certa
294 2007 488 2094 inapeetlnne
509 2009 667 2090 riderem,
705 2033 776 2076 cum
790 2011 936 2076 videlicet
952 2031 1058 2074 omnen
1075 2009 1218 2094 planetae
1235 2028 1286 2071 er-

187 2119 276 2181 ordia
303 2133 413 2179 curant
438 2115 487 2178 eui
510 2115 752 2199 meditarentur,
800 2119 883 2202 quod
914 2119 1039 2181 uouuiei
1062 2120 1286 2201 interrogatum

186 2225 378 2305 loqueretur,
399 2219 454 2284 red
469 2239 574 2284 verum
590 2221 831 2287 velatlirrnatlve
845 2226 895 2288 vel
911 2225 1286 2307 negativepronuutlaret.

189 2333 283 2396 Verbi
303 2329 419 2410 gratia,
448 2346 516 2387 cum
540 2326 657 2390 diceret
677 2332 866 2394 Gerbertua:
898 2333 962 2395 Ero
976 2330 1202 2416 Apostolicuai
1235 2351 1285 2394 re-

188 2437 358 2519 sponderet
372 2437 494 2510 statua,
515 2433 628 2497 Etiam.
656 2437 777 2498 Morior
793 2443 956 2515 autequam
970 2444 1089 2499 cantem
1107 2439 1236 2500 Minoam
1251 2437 1284 2497 iu

186 2542 384 2632 Jerrroalem‘t
424 2541 503 2603 Non.
547 2541 615 2618 Quo
641 2539 729 2603 illum
751 2543 892 2623 ambiguo
917 2541 1078 2626 deceptum
1102 2543 1223 2621 ierunt,
1250 2545 1286 2604 ut

185 2647 266 2710 nihil
284 2647 471 2727 excogitaret
495 2646 722 2726 poenitentiae,
758 2649 811 2726 qut
832 2649 933 2710 animo
956 2648 1148 2712 blandiretur
1170 2668 1226 2711 ouo
1245 2647 1283 2709 de

185 2755 277 2836 louge
292 2759 432 2834 ternpore
445 2753 535 2811 vitae.
558 2749 686 2829 Quando
700 2753 780 2815 eninr
797 2753 1014 2817 ierosolimam
1027 2755 1073 2816 ire
1088 2754 1283 2831 deliberarat,

188 2867 224 2923 ut
237 2867 366 2922 mortem
384 2855 584 2922 stimulareti
618 2859 682 2920 Nec
700 2859 853 2942 providit,
880 2861 962 2941 quod
977 2867 1026 2924 eat
1041 2861 1158 2924 liomae
1173 2859 1285 2925 Eccle-

188 2967 236 3032 sia
250 2963 421 3028 Jerunalem
437 2963 527 3027 dicta.
551 2964 597 3026 lbi
615 2971 719 3028 cantat
738 2967 869 3030 liliatam
884 2967 969 3050 Papa
984 2969 1084 3030 tribur
1101 2967 1284 3044 Dominicia,

187 3075 300 3154 quibua
314 3070 552 3154 praetitulatur,
574 3071 674 3132 Statio
691 3071 729 3134 ad
746 3071 929 3137 Jerusalem.
950 3075 1018 3152 Qun
1036 3077 1119 3136 circa
1138 3091 1208 3136 cum
1220 3091 1282 3135 uno

186 3181 296 3244 burrum
312 3178 431 3240 diorum
449 3178 620 3240 Gerbertur
636 3175 676 3238 ad
693 3177 824 3241 Minoam
841 3199 875 3242 ce
893 3187 1036 3263 pararet,
1063 3179 1282 3243 invaletudlnln

186 3291 269 3351 ictus
288 3285 446 3368 ingenuit,
468 3283 635 3364 eademque
654 3291 812 3346 marcente
830 3284 992 3360 decubuit;
1021 3286 1163 3350 conculta
1179 3291 1283 3350 ntatua

188 3393 401 3476 deceptionem
417 3409 503 3453 ruam
520 3395 552 3450 et
566 3396 693 3450 mortem
708 3393 862 3472 cognouit.
883 3391 1050 3456 Advocatio
1065 3394 1164 3475 igitur
1171 3389 1283 3453 (lardi-
1316 3417 1320 3426 ·

184 3499 325 3576 nulibus,
347 3497 400 3560 diu
414 3498 551 3558 facinora
567 3515 624 3557 oua
640 3495 826 3579 deploravit3
849 3500 962 3580 quibua
978 3500 1138 3582 inopinato
1154 3502 1282 3579 otupore

183 3605 361 3688 percursio,
390 3623 448 3666 uec
470 3600 589 3684 aliquid
608 3603 783 3666 valentibur
799 3596 945 3685 ‘relerre,
972 3605 1026 3668 ille
1047 3604 1222 3680 lnoaulene,
1250 3605 1284 3663 et

183 3734 259 3798 prae
277 3711 383 3774 dolore
396 3711 516 3772 ratione
532 3710 693 3788 hebetata,
715 3711 888 3772 minutatim
907 3732 940 3774 ae
954 3710 1115 3790 dilaniari,
1136 3716 1169 3772 et
1184 3728 1281 3771 mem-

185 3819 297 3882 bratim
319 3817 402 3879 lurae
426 3817 540 3899 projici
557 3817 666 3899 juonit.
701 3817 841 3894 Habeat,
877 3819 1039 3899 lupicinus,
1072 3817 1280 3880 membrorum

66 3969 69 3980 ·
184 3927 332 4002 cilicium,
353 3923 405 4004 qul
421 3939 524 3983 eorum
541 3923 693 4002 prraenlvit
706 3915 893 3997 hominium
916 3943 1047 4004 unmqrre
1061 3923 1181 3985 animun
1192 3937 1280 3983 menn

185 4051 341 4114 nunquam
353 4026 432 4092 illud
450 4025 602 4091 adamavit
618 4033 843 4091 sacramentum
854 4031 922 4091 'imo
938 4029 1143 4111 sacrilegium.
