2934 4710
1144 368 1200 432 101

166 553 361 638 negnlioncm
399 551 547 633 signiienl
575 550 622 612 vel
645 547 824 611 bobilodinis
852 546 917 608 eius
936 543 1129 626 primiioncm
1153 546 1201 608 vcl

164 657 332 719 abscnliom
355 689 397 702 -
417 651 556 714 mundum
591 651 700 712 leolum
733 649 825 710 luisse
847 646 1043 720 orbilrsnlur,
1064 645 1133 723 quid
1154 646 1205 704 di-

166 775 234 819 cem
256 755 385 835 ignoro:
405 767 465 813 non
487 751 564 812 enim
580 748 679 824 video,
704 765 796 828 quere
811 765 870 808 non
884 746 1105 819 eonsidcrnnl‚“
1128 759 1204 822 (punc

163 855 215 918 rel
234 855 362 916 menime
385 859 453 914 sunl
476 849 705 914 considerando.
728 848 792 924 (ΙΙΙ,
813 849 881 925 99.)

245 955 292 1018 Ao
320 955 432 1017 noslris
454 954 494 1016 ilo
517 952 618 1013 verbis
639 952 720 1012 Scoli
742 952 833 1012 verba
854 951 1028 1031 clausimus,
1047 966 1204 1038 propiores

166 1057 272 1138 qnod,
303 1073 381 1137 qnos
413 1054 479 1134 ipse
509 1052 566 1114 illis
598 1051 734 1130 addidit,
769 1053 942 1114 exscribere
963 1073 1024 1118 non
1046 1061 1203 1138 poluinms.

164 1155 301 1236 Namque
331 1171 387 1235 per
418 1151 624 1215 densissimam
656 1167 801 1231 nugarum
842 1152 947 1214 silvam
977 1164 1072 1218 semel
1110 1159 1204 1238 ipsum

165 1252 444 1320 circumvolulondo
472 1259 611 1332 lnnqonm
638 1252 762 1314 insanos
788 1259 878 1314 venel
904 1261 992 1334 elque
1015 1259 1146 1339 exagilal
1168 1259 1205 1320 il-

163 1357 232 1432 ios,
259 1355 364 1436 quibus
393 1354 430 1415 iis
459 1353 582 1430 verbis,
605 1351 692 1434 quac
715 1352 805 1413 modo
836 1353 953 1434 inlegra
984 1361 1206 1438 exscripsimus,

166 1456 278 1519 bellum
304 1455 418 1516 indixil.
437 1489 479 1502 -
501 1453 593 1528 Onam
618 1455 681 1534 ipse
705 1452 743 1514 de
769 1451 819 1514 illo
839 1453 942 1532 nihilo,
963 1474 1039 1537 quse
1059 1461 1098 1521 sil
1123 1467 1205 1521 ccrln

165 1555 315 1638 quaedem
337 1555 470 1630 melesio,
496 1571 534 1614 ex
555 1570 612 1632 qun
636 1554 709 1614 dens
725 1553 863 1616 mundum
883 1560 1094 1639 composueril,
1116 1579 1205 1622 unnin

168 1675 207 1720 so
228 1656 323 1719 solnm
355 1662 498 1736 sequetur
525 1654 720 1728 senientiam,
751 1653 882 1733 plurimis
912 1657 1048 1720 versibus
1078 1661 1208 1740 explicet

165 1757 233 1834 (ΙΙΙ,
259 1754 419 1832 ΙΙΙ-ΙΙ),
441 1771 564 1834 quornm
577 1771 689 1816 somme
712 1753 789 1815 baec
812 1762 875 1817 esi:
899 1755 960 1834 ,Eo
976 1760 1107 1837 nomine,
1127 1760 1208 1841 qnod

165 1864 215 1920 esl
235 1855 368 1934 nibilum,
392 1855 572 1917 inellnbilem
597 1861 628 1916 et
649 1854 979 1935 incomprehensibilem
1004 1858 1122 1920 divinae
1147 1859 1207 1920 bo·

68 1987 73 1992 ·
162 1961 267 2020 nilolis
297 1965 331 2036 (s
354 1962 488 2034 nelurne)
524 1954 822 2036 inaccessibilemque
857 1955 1037 2035 cinrilrlem,
1070 1959 1208 2022 omnibns

163 2055 367 2120 inlelleclibus
386 2056 451 2118 sive
472 2053 609 2118 humenis
633 2055 697 2118 sive
718 2056 863 2136 angelicis
884 2057 1065 2137 incognilom
1088 2067 1208 2138 (snper-

163 2157 336 2220 essenliolis
368 2162 415 2218 esi
444 2155 523 2218 enim
560 2162 591 2217 el
615 2155 862 2236 supernolorslis)
891 2157 1109 2237 significemus,
1130 2175 1208 2238 quoe

164 2257 236 2320 dum
257 2275 313 2337 per
334 2273 368 2320 se
389 2257 484 2337 ipsam
506 2257 665 2337 cogimur,
686 2271 783 2335 neque
804 2263 870 2335 esi,
892 2275 990 2337 neque
1012 2263 1087 2336 erni,
1109 2275 1208 2338 neque

164 2360 241 2421 eril“
263 2357 312 2437 (cl.
335 2373 399 2438 sup.
420 2363 448 2434 §.
474 2357 595 2434 1-8.),
619 2357 666 2437 „in
687 2355 768 2418 nullo
792 2357 870 2418 enim
893 2357 1206 2438 inlelligilorexislcn·

161 2461 249 2532 llum,
273 2459 340 2538 quin
364 2462 486 2537 superni
507 2458 625 2535 omnio3
656 2474 721 2518 cum
746 2473 821 2518 vero
841 2474 896 2537 per
917 2457 1206 2520 condescensionem

162 2557 315 2642 quandem
349 2557 530 2620 inelinbilem
566 2558 597 2619 in
631 2574 688 2636 es,
717 2575 795 2639 quse
816 2563 902 2635 soni,
926 2557 1033 2619 meniis
1055 2557 1207 2620 oblnlrbus

163 2661 333 2740 inspicitur,
355 2661 420 2738 ipss
450 2656 514 2719 solo
548 2657 699 2719 invenilur
722 2659 753 2718 in
788 2657 925 2718 omnibus
948 2675 1028 2734 esse,
1048 2665 1077 2720 et
1098 2663 1153 2735 esi,
1176 2665 1206 2720 cl

163 2765 243 2835 ersi,
262 2764 291 2820 cl
309 2758 393 2819 erili*
422 2756 494 2818 llcm
519 2755 585 2835 (ΙΙΙ,
610 2757 689 2834 17.):
710 2757 792 2838 „lpse
812 2759 977 2836 maleries,“
1001 2758 1051 2838 eil,
1072 2759 1127 2838 ,do
1148 2777 1205 2839 quo

162 2859 276 2940 legiler
307 2859 381 2920 dens
411 2855 549 2918 mnndum
578 2855 707 2936 iecisse,
732 2859 769 2920 sb
805 2859 870 2939 ipso
904 2863 934 2918 el
957 2860 1074 2938 inipso
1098 2864 1151 2934 csl,
1174 2865 1205 2919 el

162 2959 282 3040 ipsein
305 2975 341 3020 es
363 2963 425 3039 esi,
454 2965 592 3037 quonium
615 2957 788 3039 inlelligilur
806 2975 841 3019 es
862 2974 952 3023 esse:
974 2975 1035 3020 non
1057 2959 1133 3018 enim
1156 2959 1206 3018 in-

163 3059 251 3140 diget
272 3059 347 3120 deus
379 3057 500 3120 alterius
518 3060 676 3136 materies,
700 3076 777 3139 quoe
799 3058 863 3138 ipse
883 3075 943 3119 non
967 3061 1015 3136 sii,
1038 3061 1067 3119 in
1092 3075 1148 3138 que
1171 3075 1206 3118 sc

161 3163 261 3240 ipsum
292 3159 380 3235 incil;
421 3156 551 3238 alioquin
585 3159 734 3235 impolens
763 3158 914 3230 viderelur
950 3159 1037 3220 elin
1072 3175 1107 3219 se
1138 3158 1204 3237 ipso

166 3259 380 3340 mperlcclus.“
403 3293 442 3306 —-

249 3357 284 3421 ΙΙ.
329 3358 452 3437 ,(ΙΙευε
486 3363 556 3434 esl)
588 3373 678 3420 cause
708 3359 839 3420 creelrin
869 3358 1057 3419 cxislenlinm
1091 3363 1204 3418 elnon

163 3460 354 3522 exislenlium
379 3459 519 3535 omnium,
544 3476 560 3520 a
584 3457 664 3520 nullo
687 3465 799 3548 crenis²
821 3475 909 3520 onom
931 3459 1117 3538 principium,
1145 3473 1205 3518 ons

162 3562 266 3642 origo,
289 3577 366 3622 unos
387 3565 417 3621 el
432 3559 609 3624 universalis
621 3558 828 3620 universorum
847 3560 925 3638 lons,
945 3559 1055 3620 anullo
1072 3573 1206 3636 monens,

142 3659 235 3728 dun
259 3659 296 3722 ab
319 3675 357 3722 eo
380 3665 500 3721 mnnenl
522 3659 650 3723 omnio.“
672 3693 712 3707 -
737 3659 794 3738 (ΙΙ,
818 3661 856 3739 1,)

247 3759 297 3844 ΙΙΙ.
341 3759 425 3840 ,lpse
455 3758 529 3821 dens
569 3760 698 3821 omnium
732 3765 778 3821 esi
812 3759 909 3820 lacior
943 3763 972 3820 el
1003 3759 1032 3819 in
1067 3756 1205 3818 omnibns

163 3859 282 3937 lacios,
319 3865 350 3921 et
381 3860 448 3922 dum
483 3875 574 3940 super
596 3859 695 3920 omnis
717 3859 878 3940 qrroerilnr,
901 3859 930 3920 in
954 3858 1032 3921 nullo
1054 3857 1203 3918 invenilur

162 3961 313 4036 cssenlio3
344 3959 474 4022 nondum
510 3961 589 4021 enim
617 3965 666 4020 esl
694 3975 783 4021 esse:
803 3957 872 4022 dum
903 3977 977 4020 vcro
1009 3959 1039 4020 in
1062 3955 1201 4018 omnibus

162 4055 350 4142 inlelligilor,
371 4059 413 4124 nil
432 4059 464 4122 in
483 4058 531 4142 iis,
546 4059 603 4122 nisi
625 4057 707 4122 solus
729 4059 792 4140 ipsc
823 4059 967 4137 subsidii,
989 4063 1019 4120 el
1041 4071 1138 4136 nequo
1159 4057 1205 4114 esi
1245 4093 1246 4096 ,
