2944 4714
747 177 854 242 mill

725 257 879 270 —n--ffl

262 368 337 440 anni
351 368 514 446 sumentis,
529 364 622 434 misse
636 365 836 434 sanctissime
851 361 1019 442 Trinitatis,
1043 359 1178 445 aliisque
1192 379 1349 430 curenno-

262 459 324 526 niis
339 465 371 520 et
384 455 628 524 solemnitatibus
644 453 932 529 intervenientibus,
952 453 985 514 in
999 451 1163 532 presentia
1177 451 1351 520 reverendi

263 544 382 611 donnini
402 543 550 626 Stephani
570 539 709 608 Strechei
731 541 870 624 episcopi
891 538 1111 616 Dinnisiensis,
1134 537 1231 602 suffra
1254 541 1351 623 grnei

263 633 363 698 nostri
374 631 567 708 Lentiensis,
583 629 773 694 extraxerint
788 635 819 691 et
834 628 866 690 in
882 625 1011 708 quadam
1026 644 1097 690 arca
1112 627 1169 690 suh
1185 625 1353 708 clausuris,

265 726 297 786 et
311 717 448 784 clavibus
471 717 570 782 trihus
585 715 840 782 honorificentius
863 713 1056 791 collocarint,
1083 711 1218 794 illudque
1239 721 1274 778 et
1298 714 1354 779 illa

263 807 298 872 in
313 805 504 872 thesauraria
519 823 638 870 summo
653 823 721 868 cunr
736 803 857 870 honore
883 808 915 864 et
939 801 1141 866 veneratione
1156 805 1355 868 conservari.

266 893 403 974 Cumque
423 901 458 958 ut
483 891 709 976 subjungebant
731 890 929 955 serenissima
942 888 1071 952 isabella
1098 886 1187 952 Clara
1207 888 1357 970 Eugenia

264 980 601 1064 Hispaniarrunlnfans,
615 979 869 1059 serenissimique
881 976 1003 1042 Alherti
1019 975 1356 1053 archidueisdnsrriae,

264 1067 365 1152 Belgii
380 1068 528 1150 principis
543 1086 633 1146 uxor,
647 1065 800 1130 Bruxellis
815 1063 968 1142 residens,
985 1082 1025 1127 ex
1034 1061 1217 1146 hujusmodi
1230 1063 1268 1128 B.
1277 1063 1358 1132 Evae

267 1155 390 1220 ossibus
406 1162 524 1237 partem
539 1155 670 1236 aliquam
690 1153 749 1218 sihi
764 1153 873 1217 donari
890 1153 1039 1215 instanter
1055 1151 1190 1232 petierit,
1212 1151 1359 1235 dictique

185 1311 201 1322 ,
267 1239 384 1308 domiui
400 1249 592 1322 exponentes
608 1241 691 1306 illius
714 1242 857 1323 petitioni
876 1239 1042 1321 gratificari
1063 1240 1237 1320 cupientes,
1261 1241 1361 1306 nohis

266 1329 510 1414 supplicaverint
530 1337 682 1412 quatenus
701 1328 841 1412 inprimis
868 1345 939 1392 ossa
963 1325 1099 1408 praeiatae
1124 1325 1198 1390 Evae
1211 1327 1361 1394 Recluso

265 1415 490 1483 iuventorizari
503 1415 619 1494 iacere,
643 1434 679 1480 ac
702 1416 836 1495 desuper
855 1415 1071 1479 authoritatem
1090 1421 1227 1478 nostram
1251 1416 1361 1482 inter·

267 1523 386 1588 ponere
402 1503 562 1583 vellemus,
583 1510 615 1568 et
627 1503 836 1590 dignaremur.

353 1589 441 1655 Unde
457 1609 515 1656 nos
529 1590 621 1671 hujus
633 1593 774 1672 petitioni
787 1598 847 1655 tam
857 1590 950 1671 juste
965 1597 996 1654 et
1006 1587 1121 1654 retinui
1133 1605 1286 1654 consone
1295 1610 1360 1656 an-

268 1685 411 1758 nuentes,
438 1677 647 1744 venerabilem
668 1680 758 1744 nohis
778 1681 902 1744 sincere
924 1677 1069 1744 dilectum
1086 1677 1209 1742 Petrum
1225 1679 1360 1744 Stevar-

268 1767 344 1831 tium
360 1773 499 1831 nostrum
516 1766 548 1832 in
563 1765 773 1850 spiritualibus
788 1767 938 1831 vicarium
954 1763 1133 1850 generalem
1147 1763 1358 1831 Lendiensem

268 1853 308 1923 ad
327 1851 504 1938 ltqjusmndi
530 1855 646 1922 ossium
662 1855 878 1933 visitationem,
901 1862 933 1918 et
953 1852 1160 1918 inventarium
1183 1854 1359 1919 conficien-

269 1939 341 2010 dum
357 1942 591 2020 commissimus,
608 1942 660 2023 qui
673 1940 824 2026 deputatis
833 1950 864 2004 et
873 1943 1037 2023 assumptis
1050 1939 1213 2006 honoratis
1229 1941 1309 2006 viris
1317 1943 1357 2006 ll.

268 2029 431 2096 Franciscn
446 2029 568 2095 Blavier
583 2028 744 2094 medicinae
760 2030 900 2109 doctore,
919 2037 951 2094 et
964 2030 1055 2094 Petro
1070 2028 1178 2093 Jacohi
1195 2027 1359 2112 chirurgo,

268 2123 340 2200 post
355 2116 535 2200 diligentem
552 2118 668 2182 ossium
684 2115 870 2198 hujumodi,
896 2125 928 2180 et
948 2115 1162 2198 reliquiarium
1179 2117 1358 2198 inspectio-

269 2223 340 2270 nem
356 2213 389 2269 ct
403 2224 544 2284 examen,
560 2205 650 2270 nohis
665 2205 837 2269 retulerunt
852 2212 969 2269 extare.
998 2203 1100 2271 Primo
1116 2205 1255 2268 manium
1272 2206 1358 2270 inle-

268 2311 367 2378 grum
384 2311 452 2358 curn
476 2293 618 2359 omnihus
642 2293 707 2358 suis
730 2293 923 2376 pertinentiis
950 2298 982 2356 et
1005 2293 1104 2356 tribus
1130 2291 1296 2368 dentibus,
1321 2312 1358 2356 ac

268 2379 474 2446 mandibulam
489 2380 639 2464 integram
656 2400 725 2444 curn
739 2389 872 2463 quatuor
887 2377 1067 2457 molaribus,
1083 2385 1116 2442 et
1130 2397 1195 2444 uno
1209 2380 1356 2446 incitnrio

269 2467 423 2546 dentibus,
445 2486 516 2532 ossa
530 2466 649 2533 brachii
665 2471 836 2551 superioris
858 2469 926 2534 sive
952 2467 1108 2548 adjutorii,
1133 2467 1216 2530 radii
1237 2467 1356 2530 brachii

268 2554 510 2625 inferiorissive
526 2554 631 2634 cubiti,
656 2574 725 2621 ossa
741 2557 867 2621 terroris
891 2556 996 2632 amhn,
1019 2573 1089 2620 ossa
1115 2553 1234 2620 tibialia
1252 2555 1355 2634 amhn,

268 2660 338 2705 cum
354 2661 460 2708 eorum
475 2643 581 2719 radiis,
597 2644 746 2708 clavicula
760 2646 886 2708 sinistra
905 2645 1036 2725 integra,
1062 2641 1159 2706 altera
1179 2642 1354 2720 conductu

269 2737 387 2812 septem
403 2731 555 2794 vertebra
570 2732 700 2814 integra
715 2733 811 2814 spinae
826 2733 922 2810 dorsi,
944 2738 975 2794 et
989 2749 1051 2796 una
1065 2729 1224 2797 contracta
1233 2753 1244 2808 ;
1265 2731 1353 2797 amhn

270 2835 343 2883 csse
357 2815 484 2882 femoris
498 2819 681 2900 superioris,
704 2839 815 2904 magna
830 2821 910 2884 dicta
925 2819 1064 2896 iscbion;
1087 2835 1158 2882 ossa
1173 2817 1264 2882 amhn
1280 2816 1355 2882 ille-

268 2923 349 2988 rum,
365 2925 426 2970 una
439 2907 540 2971 rotula
556 2907 670 2972 tibialis
685 2907 753 2970 sive
768 2926 869 2989 genu;
886 2911 1018 2992 quatuor
1029 2905 1168 2984 costula,
1183 2905 1355 2987 etplnrima

270 3011 343 3059 ossa
357 2993 515 3060 confracta
525 2995 592 3060 sive
604 2996 786 3078 fragmenta,
802 2993 954 3077 exquibus
967 2995 1109 3060 omnihus
1123 2993 1354 3076 praeiativene-

267 3081 384 3147 nabiles
399 3081 516 3147 domini
541 3083 675 3147 decanus
691 3091 722 3146 et
737 3083 903 3165 capitulum
918 3083 1124 3148 serenissimae
1139 3081 1354 3164 Hispaniarum

268 3169 378 3234 infanti
393 3169 539 3251 praelate,
555 3171 759 3235 mandibulam
775 3190 843 3238 cum
860 3178 991 3253 quatuor
1006 3167 1173 3237 molaribus
1188 3177 1220 3232 et
1234 3170 1354 3236 inciso-

267 3259 317 3324 rio
332 3257 488 3336 dentibus,
510 3265 541 3322 et
563 3277 625 3324 uno
647 3278 719 3326 csse
743 3257 863 3324 brachii
883 3258 1071 3342 superioris;
1098 3263 1130 3321 et
1150 3256 1352 3322 excellentis-

268 3347 354 3412 sime
369 3346 560 3428 principissa
575 3345 615 3410 de
629 3347 821 3428 Barbanson,
837 3366 873 3412 os
889 3366 983 3412 unum
998 3346 1037 3412 de
1052 3345 1142 3426 spina
1157 3344 1265 3424 dorsi;
1278 3345 1352 3408 iliu-

268 3433 427 3500 strissiruae
449 3453 526 3498 vero
542 3435 708 3499 comitissae
724 3435 762 3498 de
778 3435 808 3500 la
822 3435 899 3500 Fere
921 3434 1004 3500 aliud
1021 3452 1057 3498 os
1073 3432 1190 3496 brachii
1206 3433 1355 3512 superin-

268 3521 324 3600 ris,
340 3527 372 3585 et
386 3521 467 3602 patri
481 3521 610 3587 Roherti
625 3523 787 3588 Societatis
801 3522 876 3588 Jesu
891 3521 1057 3600 sacerdoti,
1072 3539 1108 3584 nc
1122 3519 1201 3603 patri
1216 3519 1355 3586 Ambro-

268 3608 316 3674 sio
333 3609 520 3675 Tornacensi
536 3609 699 3691 capucino,
722 3629 757 3672 nc
781 3611 883 3675 sorori
899 3610 1088 3674 Constantia
1102 3607 1233 3672 reclusa
1248 3609 1356 3691 oppidi

268 3695 440 3762 ldontensis
456 3716 497 3762 ex
511 3697 691 3780 fragmentis
706 3697 882 3778 huiusmodi
897 3698 1028 3775 ossium,
1047 3695 1086 3760 de
1108 3695 1235 3760 licentia
1249 3705 1282 3760 et
1295 3715 1354 3760 au-

269 3779 415 3850 thoritate
429 3791 536 3850 nostra
552 3785 708 3852 ordinaria
724 3785 919 3850 indulserunt
927 3793 959 3850 et
968 3783 1138 3850 liberaliter
1149 3782 1354 3850 donaverunt.

357 3872 473 3948 Quibus
494 3875 636 3940 omnihus
657 3873 816 3955 particulis
838 3873 884 3938 sic
910 3875 1043 3952 emissis,
1066 3871 1125 3936 luit
1148 3870 1250 3938 denuc
1273 3869 1355 3936 dicta

269 3976 341 4024 arce
356 3978 424 4024 cunr
448 3979 591 4043 corpore,
612 3963 679 4026 sive
702 3963 824 4028 ossibus
839 3961 968 4044 reliquis
992 3959 1027 4026 li.
1044 3959 1117 4026 Evae
1140 3959 1232 4026 dictis
1255 3959 1353 4026 trihus

269 4047 421 4116 clausuris
447 4050 570 4114 occlusa
592 4057 623 4114 et
647 4051 679 4114 in
695 4051 776 4116 diota
798 4049 989 4116 thesauraria
1013 4045 1185 4114 honorilice
1203 4049 1354 4130 reposita,

269 4137 473 4220 presentibus
488 4137 603 4206 ibidem
621 4137 755 4207 dominis
770 4137 899 4208 Nicolao
913 4137 1051 4206 lincourl
1064 4137 1096 4206 S.
1112 4135 1293 4220 'theologie
1307 4135 1352 4202 ii·
