2944 4714
671 241 721 301 an

151 427 216 494 lum
231 427 398 506 bominem,
414 424 574 509 apalmiam
588 425 674 492 Deus
690 432 773 508 erat3
794 422 928 494 caeteris
942 439 1019 492 roro
1035 425 1088 510 qai
1102 425 1163 494 boo
1177 441 1242 494 uon

150 519 228 596 siut,
250 513 442 597 impossibile
466 533 551 580 ease:
574 533 632 580 nos
656 532 780 596 quoque
795 532 863 579 uum
879 533 917 580 eo
932 515 1101 594 sentimum
1123 515 1171 583 eie
1191 522 1242 580 ta·

151 623 237 683 men,
258 611 293 669 ut
317 622 375 687 per
389 601 592 668 ministerium
619 601 794 682 humanum,
820 601 974 668 Christum
997 603 1096 684 ipsum
1117 604 1242 684 operari
1351 615 1356 628 ’

151 692 312 758 fateamur.
342 692 472 756 Dixerat
486 691 567 755 eninr
583 707 652 756 oum
668 688 767 755 adbuc
782 696 866 754 esset
880 709 949 753 cum
964 688 1139 754 bominibus
1154 708 1243 756 mor-

152 776 239 846 tatia:
276 779 352 844 Sine
370 797 418 842 nac
439 777 517 840 nibil
533 778 669 859 putealia
689 777 818 858 [aenea
848 784 879 841 ct
901 777 1082 843 immortalis
1104 775 1243 858 effeetus,

154 885 222 933 cum
238 869 336 934 coelos
359 884 546 932 ascensurus
571 867 776 947 corporaliter
797 870 897 930 esset:
935 865 1019 929 Ecce
1033 883 1109 948 epo,
1134 866 1244 948 inquil,

150 956 313 1022 uobiscum
326 973 395 1018 aum
410 952 553 1019 omnibus
567 953 676 1016 dicbus
697 971 795 1034 usque
809 951 853 1018 ad
866 956 1162 1020 consummationem
1175 970 1243 1018 aa·

151 1043 224 1108 culi.
262 1042 340 1118 Quia
367 1042 448 1106 enim
474 1060 515 1106 ex
535 1041 652 1104 duabus
677 1041 796 1106 naturis
820 1040 957 1106 diversio
982 1042 1094 1114 (ultera
1116 1043 1243 1111 obcun-

152 1131 280 1212 scripta,
303 1130 401 1196 altera
423 1129 692 1208 incirconscripto)
717 1136 970 1208 compersonatus
992 1137 1075 1197 erat:
1100 1147 1158 1211 per
1177 1130 1244 1194 cir-

153 1219 371 1299 cunscriplem,
393 1216 432 1281 de
453 1216 524 1282 loeo
548 1216 587 1281 ad
602 1215 703 1281 locum
720 1216 959 1298 transmigrabat
965 1239 975 1296 3
998 1234 1056 1298 pon
1080 1217 1243 1288 incircun-

152 1305 299 1388 scriptum
322 1323 398 1369 vero
423 1321 482 1386 qua
508 1303 674 1368 illocaliter
692 1311 741 1368 est
763 1311 861 1382 totus,
885 1322 954 1370 cum
979 1305 1026 1370 eis
1048 1306 1244 1370 remanebat:

152 1401 336 1458 nontamen
360 1393 454 1456 lilium
470 1392 529 1456 Dei
553 1411 571 1456 a
596 1391 659 1455 tilio
682 1391 816 1456 bominis
840 1393 1010 1474 separabat.
1049 1393 1190 1474 Denique
1212 1400 1245 1458 et

152 1481 331 1562 priusquam
353 1479 434 1544 filius
455 1479 589 1544 bominis
604 1487 675 1542 notu
690 1480 874 1542 ascenderet
893 1480 926 1543 in
941 1479 1064 1554 celum,
1088 1499 1157 1544 curn
1180 1479 1244 1546 ulto

150 1569 212 1632 Dei
228 1569 270 1632 ibi
287 1574 370 1646 erat;
387 1568 454 1647 ipso
470 1573 644 1644 attestante,
660 1567 713 1630 ubi
728 1568 786 1628 ait:
811 1565 854 1628 Et
869 1585 957 1630 moto
973 1566 1114 1634 ascendit
1128 1569 1162 1630 in
1176 1587 1244 1632 coa-

149 1655 216 1720 lum
238 1657 300 1720 nisi
314 1657 368 1737 pai
382 1655 541 1720 deseendit
557 1655 595 1718 de
617 1653 706 1732 coelo,
728 1653 812 1733 filiam
826 1654 959 1718 bominis
974 1657 1029 1737 pai
1043 1663 1091 1719 ert
1105 1657 1138 1720 in
1155 1657 1244 1720 caelo.

151 1745 187 1812 Si
204 1762 281 1826 ergo
299 1745 343 1807 ibi
358 1749 425 1807 erut
439 1760 496 1823 per
510 1742 659 1806 unitatem
674 1757 830 1824 persona,
855 1759 918 1822 quo
938 1743 1075 1808 nundum
1090 1744 1244 1810 ascende-
1282 1817 1303 1838 ,ι

150 1837 203 1896 rat
217 1846 273 1911 per
287 1831 507 1913 proprietatem
523 1837 656 1907 naturae3
680 1834 809 1911 propter
824 1829 952 1894 eandem
969 1831 1115 1896 unitatem
1132 1831 1244 1896 coelum

153 1918 339 1995 ascendens,
355 1937 421 1982 cum
439 1917 615 1982 bominibus
634 1918 667 1982 in
683 1923 765 1980 turra
780 1917 967 1982 remanebat.
1002 1915 1079 1994 (luis
1095 1917 1176 1980 enim
1191 1917 1244 1980 di-

151 2005 258 2070 cebat:
288 2004 399 2084 Saule,
424 2003 530 2082 Saule,
552 2005 628 2086 qaid
648 2023 696 2068 me
705 2005 925 2086 persequeris!
960 2003 1068 2086 Neque
1090 2003 1244 2085 putandus

152 2101 203 2157 cst
226 2093 255 2156 ei
271 2093 400 2177 angelus
422 2111 480 2174 pro
498 2093 609 2156 Cbriso
630 2092 825 2173 apparuisse;
847 2094 915 2158 curn
937 2092 1003 2173 ipsc
1019 2091 1130 2158 Saulus
1145 2091 1244 2156 ellec-

152 2186 204 2244 tus
221 2181 331 2244 Paulus
348 2187 466 2260 postca,
490 2182 586 2244 dicut:
623 2178 792 2243 Novissimi
815 2182 950 2242 omnium
969 2187 1119 2262 tanquam
1141 2179 1244 2244 obor-

151 2268 220 2330 tioo
235 2269 322 2330 visua
337 2275 383 2331 eat
404 2276 434 2330 et
448 2269 532 2331 mibi.
567 2266 606 2330 Et
622 2267 682 2330 alio
704 2267 789 2332 loco:
819 2267 929 2330 Nonne
952 2267 1118 2332 Dominum
1138 2267 1245 2331 desum
1358 2309 1360 2312 -

153 2353 314 2418 Gbriatum
334 2355 419 2420 cidit
457 2357 519 2420 Aut
543 2374 618 2418 vero
635 2354 746 2420 Saulus
761 2353 862 2420 adbuc
883 2355 1013 2420 infidelis
1030 2363 1134 2435 raptus
1149 2362 1197 2422 est
1212 2355 1246 2420 in

153 2440 278 2520 coelum,
301 2448 335 2506 ut
357 2441 420 2505 illic
436 2443 464 2505 ei
482 2443 622 2506 Christus
638 2442 835 2524 loqueretur3
860 2451 912 2508 aut
935 2445 1001 2524 ipse
1018 2443 1159 2508 Christus
1185 2443 1245 2507 dc-

152 2530 307 2595 scandite
324 2529 420 2609 coelo;
446 2529 528 2612 quod
551 2528 647 2593 semel
677 2537 789 2594 tanturn
811 2530 877 2594 fieri
900 2538 1024 2612 oportet
1047 2533 1079 2594 in
1094 2549 1175 2596 voce
1190 2549 1246 2594 ar-

153 2617 296 2701 changeli
320 2625 352 2680 et
375 2618 500 2681 intuba
523 2618 593 2694 Dei,
620 2617 754 2696 Quando
779 2636 885 2682 omnes
910 2620 964 2700 pai
986 2620 1020 2682 io
1040 2620 1246 2684 monumentis

151 2713 227 2772 aaut
242 2705 371 2768 audient
385 2723 491 2770 nocem
505 2705 563 2785 plia·
577 2704 638 2768 Dei
653 2713 684 2768 et
699 2707 885 2787 procedent!

241 2790 311 2874 lpse
335 2795 429 2877 igitur
451 2811 520 2856 cum
536 2792 714 2857 bominibus
739 2811 865 2858 manens
881 2811 1019 2876 serapem
1050 2801 1083 2858 et
1104 2794 1246 2860 bominea

153 2880 292 2962 baptizat
307 2897 361 2960 per
375 2881 527 2958 homines,
552 2885 583 2944 et
599 2886 761 2944 consecrat
775 2881 919 2962 quiequid
936 2899 992 2961 per
1008 2881 1150 2946 homines
1166 2899 1247 2946 con·

155 2967 306 3036 secratur.
339 2967 507 3050 Utrumque
522 2969 604 3030 enim
621 2969 653 3031 in
670 2968 833 3050 evangelio
850 2966 1013 3045 babemus3
1037 2976 1069 3032 et
1089 2968 1173 3048 quod
1188 2969 1246 3034 Je-

155 3073 210 3119 sus
225 3054 403 3135 baptizaret,
430 3061 461 3118 et
476 3053 558 3136 quod
576 3057 642 3136 ipse
659 3074 722 3121 nou
736 3055 919 3134 baptizaret,
934 3055 988 3119 sed
1006 3055 1151 3136 discipuli
1168 3057 1245 3135 eJus.

154 3141 295 3224 Baptizat
318 3143 459 3206 nimirum
483 3143 553 3223 quia
578 3142 839 3223 quando·oorpus
863 3143 920 3206 sub
938 3142 1118 3224 quibusdam
1141 3142 1247 3208 uerbis

154 3227 337 3294 solennibus
360 3230 392 3294 in
420 3248 497 3312 aqna
514 3238 676 3310 mersatur,
701 3232 767 3312 ipse
790 3231 921 3294 animam
937 3237 1100 3304 mortuum,
1120 3237 1247 3311 peccata

153 3316 353 3396 remittendo,
368 3317 517 3397 vivificam
542 3319 623 3384 sicut
639 3321 669 3385 in
685 3319 849 3401 evangelio
865 3317 1018 3400 loquitur:
1061 3319 1150 3382 Venit
1165 3317 1247 3382 bora

154 3412 186 3469 ct
200 3423 283 3468 nunc
305 3411 363 3484 eat,
378 3405 504 3486 quondo
520 3405 636 3470 mortui
651 3407 780 3469 cudmnt
794 3404 1037 3485 nocemfiliiDea'
1045 3427 1054 3484 3
1071 3413 1101 3468 ct
1116 3405 1171 3486 qui
1183 3421 1246 3468 uu-

154 3493 282 3570 dimini,
298 3495 418 3558 oiomtt:
442 3493 524 3574 quod
549 3513 610 3558 non
627 3495 688 3558 nisi
704 3494 743 3558 de
759 3495 990 3560 resurrectione
1005 3495 1174 3559 animorum
1190 3511 1246 3558 ac-

154 3580 218 3661 cipi
242 3586 354 3662 potest.
393 3580 530 3661 Baptizat
560 3589 592 3645 et
619 3580 712 3648 bomo
737 3601 793 3664 per
816 3581 903 3662 cujus
924 3598 1032 3646 manua
1053 3589 1084 3647 et
1108 3581 1246 3664 linguam

154 3683 237 3749 opus
253 3667 329 3731 illud
345 3665 583 3732 administratur.
609 3669 670 3734 Sed
683 3672 815 3734 manime
825 3676 857 3734 et
871 3669 1083 3752 principaliter
1099 3667 1152 3734 ille
1166 3667 1247 3751 bap·

155 3753 242 3830 liant,
258 3756 310 3836 qui
325 3756 387 3820 vim
404 3763 435 3818 et
450 3756 643 3822 efficientiam
660 3763 754 3824 totam
772 3763 902 3837 prestab
933 3758 1062 3839 Propter
1077 3755 1159 3838 quod
1175 3755 1247 3820 dic-
1340 3781 1344 3786 ·
1442 3753 1444 3760 '

152 3847 220 3904 tum
245 3849 294 3906 est
316 3841 429 3907 Joanni
443 3843 605 3925 Bnptistae:
636 3843 849 3928 superquam
872 3841 992 3908 ciderio
1015 3842 1167 3925 Spiritum
1186 3843 1246 3918 de.

151 3927 351 3993 accedentem
375 3936 407 3993 el
429 3938 603 3996 nannenten
624 3951 719 4016 super
745 3951 831 4007 eam,
862 3929 927 3994 bic'
945 3939 993 3994 ant
1015 3933 1069 4014 qui
1091 3931 1246 4013 baptimi.

155 4014 309 4100 Alioquin
324 4019 493 4102 baptismus
509 4037 588 4106 unua
604 4039 666 4086 non
683 4028 783 4098 essem
806 4018 860 4084 sed
873 4027 966 4101 proul
980 4026 1121 4089 mentam
1136 4037 1172 4084 se
1186 4019 1246 4084 bn-

155 4103 248 4168 beret
264 4105 458 4188 baptizantis,
476 4105 558 4172 alius
573 4107 707 4190 dignior,
723 4109 803 4174 alius
818 4106 976 4192 indignior
991 4107 1092 4186 berec
1108 4115 1140 4173 et
1151 4121 1244 4190 queat

155 4187 253 4260 bomo
267 4194 405 4262 sanctior
419 4193 603 4279 baptizaret,
618 4193 672 4263 ille
688 4193 798 4264 melius
812 4195 984 4280 baptizatas
998 4201 1106 4268 esset·
1199 4231 1204 4238 ·
