2944 4714
727 229 880 318 ffl-

258 421 374 486 hbouua
397 418 580 499 transumpti
604 418 841 482 instrumentum
863 416 995 491 visuris,
1018 415 1166 494 lecturis,
1184 415 1301 497 pariter
1319 423 1352 480 at

260 507 423 584 audituris,
437 506 568 572 salutem
583 505 616 569 in
630 504 765 570 Domino
781 505 1012 587 sempiternam.
1041 503 1147 566 Fidem
1160 503 1303 580 facimus,
1318 513 1351 569 et

257 602 451 668 attestamur,
478 595 612 676 qualiter
626 591 842 658 sanctissimus
866 595 898 656 in
915 591 1040 656 Christo
1056 598 1146 671 pater
1161 597 1193 654 et
1207 590 1351 656 domiuus

259 691 380 761 noster,
400 681 544 746 dominus
561 681 733 763 Gregorius
760 680 865 744 divina
885 678 1084 760 prouidentia
1105 697 1183 760 papa
1205 678 1352 743 Decimus

259 771 394 849 Tertius,
417 769 527 834 uolens
543 768 683 847 ejusdem
700 767 965 831 confraternitatis
981 765 1166 844 confratres,
1182 764 1353 847 indulgen-

261 859 383 936 tiarum,
400 864 431 920 et
446 858 613 938 gratiarum
630 857 810 920 muneribus
825 856 974 936 prosequi
993 853 1138 934 quasdam
1156 853 1203 916 eis
1217 869 1354 918 conces-

260 947 301 1010 sit
315 945 445 1022 litteras,
462 962 590 1025 quarum
607 950 699 1008 tenor
714 942 754 1004 de
770 943 868 1010 verbo
884 941 921 1006 ud
938 942 1066 1006 verbum
1083 941 1235 1023 sequitur,
1257 947 1287 1004 et
1301 949 1356 1004 est

262 1031 342 1098 talis.

349 1121 519 1202 Gregorius
549 1121 714 1199 episcopus
742 1137 853 1182 servus
883 1135 1047 1182 serverum
1076 1117 1134 1182 llei
1165 1116 1203 1180 ad
1236 1133 1356 1198 perpe-

262 1218 342 1274 tuam
364 1209 413 1271 rei
433 1208 623 1272 memoriam.
662 1206 796 1271 Pastoris
819 1206 940 1282 aeterni,
967 1205 1021 1285 qui
1044 1210 1079 1268 ut
1103 1204 1269 1268 humanum
1292 1221 1357 1286 ge-

261 1313 321 1360 nus
350 1296 386 1360 ab
412 1295 496 1358 illius
527 1293 642 1356 inimici
667 1293 807 1356 manibus
835 1292 1000 1370 liberaret,
1029 1292 1061 1354 in
1085 1311 1139 1356 arc
1163 1291 1273 1354 Crucis
1292 1293 1358 1354 iu-

262 1381 393 1459 molari,
424 1389 455 1444 et
480 1382 512 1444 in
540 1386 736 1460 peccatorum
767 1385 944 1445 nostrorum
974 1380 1192 1444 remissionem
1224 1379 1360 1460 pretio-

261 1471 418 1534 sissimum
434 1469 618 1548 sanguinem
634 1487 724 1532 suum
739 1467 900 1532 effundere
915 1485 978 1532 non
998 1467 1160 1545 dubitavit,
1184 1483 1221 1530 ac
1243 1467 1277 1528 in
1303 1466 1360 1530 ul-

261 1558 335 1621 tirnu
351 1556 447 1620 Coena
463 1573 552 1636 quarn
569 1574 637 1618 cum
653 1555 814 1636 discipulis
830 1556 895 1620 suis
910 1555 1025 1620 Pascha
1041 1555 1204 1618 celebrans
1220 1553 1360 1618 mandu-

262 1643 356 1721 cauit,
373 1645 405 1707 in
421 1643 496 1706 tanti
512 1643 655 1708 beneficii
670 1645 861 1720 memoriam,
886 1643 933 1706 cis
959 1661 1083 1708 carnem
1102 1661 1189 1706 suam
1205 1642 1237 1704 in
1252 1642 1361 1706 cibum

263 1738 296 1794 et
309 1731 493 1813 sanquinem
510 1749 600 1796 suum
616 1731 648 1793 in
664 1738 782 1810 potum,
798 1729 913 1807 diviua,
930 1737 961 1794 et
976 1728 1282 1811 incomprehensibili
1298 1747 1361 1793 or-

263 1818 423 1884 dinatione
438 1817 595 1895 exhibuit,
619 1818 746 1882 dicens:
787 1817 873 1882 llaec
897 1819 1149 1899 quotiescumque
1163 1817 1303 1896 [meritis
1328 1819 1361 1878 iu

264 1907 325 1970 urei
336 1907 518 1970 maturiori
531 1906 667 1985 [acutis.
706 1905 799 1970 Vices
822 1905 889 1986 ejus
911 1906 986 1970 licet
1000 1907 1145 1970 immeriti
1160 1913 1310 1985 gerentes
1325 1906 1359 1968 in

264 1995 369 2072 terris,
385 2001 416 2058 et
431 1993 584 2074 profunda
600 1993 801 2058 meditatione
815 1993 1006 2072 recolentes,
1025 2013 1093 2056 eam
1109 2011 1179 2058 esse
1194 1991 1288 2072 hujus
1301 2011 1358 2056 sa-

263 2081 422 2146 crosancti
449 2081 638 2146 Sacramenti
659 2078 889 2160 sublimitatem,
913 2087 944 2144 et
965 2080 1194 2158 excellentiam,
1216 2089 1252 2144 ιιι
1272 2098 1358 2144 nun-

266 2187 359 2251 quam
374 2169 449 2232 satis
464 2167 558 2250 plene
573 2167 647 2247 coli,
673 2187 827 2249 nunquam
843 2169 939 2250 digne
965 2169 1052 2251 (quae
1068 2175 1175 2232 nostra
1190 2174 1239 2232 est
1253 2167 1358 2231 irnhe·

264 2254 392 2330 cillitas)
408 2254 532 2321 adorari
543 2253 658 2334 valeat;
675 2257 779 2321 facere
791 2256 877 2322 nullo
890 2255 981 2321 modo
997 2274 1162 2337 possumus
1174 2255 1250 2337 quin
1262 2254 1358 2318 Chri-

265 2344 306 2408 sti
320 2341 437 2422 fideles,
459 2361 538 2425 quos
562 2362 686 2410 omnem
710 2362 836 2426 operam
858 2343 1051 2426 impendere,
1074 2361 1261 2424 omnemque
1284 2341 1358 2406 dili-

263 2431 401 2512 geutiam
425 2429 584 2507 adhibere,
612 2433 830 2512 conspicimus,
855 2439 889 2496 ut
904 2431 1020 2496 Christi
1043 2449 1157 2512 corpus
1179 2429 1358 2513 hujusmodi

264 2519 580 2586 bonorificentissime
607 2521 640 2586 in
655 2519 797 2584 ecclesiis
819 2518 1022 2598 custodiatur,
1043 2527 1074 2584 et
1093 2521 1126 2583 in
1141 2519 1358 2601 processioni-

263 2606 322 2670 hus
337 2605 518 2685 deducatur,
534 2607 622 2672 acad
639 2609 777 2673 infirmos
795 2607 965 2684 deferatur,
981 2608 1095 2688 pieque
1110 2627 1128 2670 a
1145 2607 1261 2672 Christi
1274 2606 1357 2670 fide-
1454 2673 1455 2680 χ

264 2692 347 2756 libus
363 2693 561 2773 suscipiatur,
584 2703 616 2758 et
630 2696 857 2778 frequentetur,
882 2694 919 2760 ad
939 2697 1170 2776 premissorum
1186 2693 1356 2758 ferventius

267 2779 439 2844 exercitum
456 2781 660 2862 indulgentiis
674 2783 831 2858 videlicet,
854 2791 887 2848 et
906 2789 1104 2865 peccatorum
1119 2781 1357 2848 remissionibus

265 2869 380 2932 crebro
395 2867 575 2949 invitentur,
598 2877 632 2936 ut
653 2871 676 2933 ii
692 2887 823 2952 quorum
839 2871 1025 2953 guberniurn
1041 2872 1131 2937 nobis
1147 2879 1196 2934 est
1211 2871 1358 2934 comnm-

264 2973 345 3032 sum,
361 2956 436 3020 tanti
451 2958 593 3022 beneficii
609 2960 788 3024 memoriam
804 2960 976 3040 sepissime
991 2959 1186 3024 recolentem
1210 2957 1358 3038 illiusque

265 3043 435 3108 institutori
451 3046 568 3126 gratias
583 3047 705 3110 sincere
721 3052 863 3129 agentes,
880 3046 1049 3124 affectibus,
1074 3046 1157 3129 quud
1173 3063 1216 3108 ex
1230 3063 1267 3110 se
1283 3045 1357 3126 ipsis

265 3149 361 3216 apere
386 3149 450 3198 nun
475 3141 604 3216 possunt
630 3149 685 3214 per
707 3133 883 3217 hujusmodi
916 3135 1066 3216 enercitia
1095 3133 1218 3200 facilius
1242 3151 1357 3198 eonse-

266 3225 410 3301 quantur.

351 3305 401 3372 hd
424 3307 506 3389 quod
530 3311 757 3392 peragendum,
785 3311 877 3379 etium
900 3329 958 3376 nos
987 3313 1073 3393 ipsos
1095 3310 1194 3393 tnagis
1215 3309 1356 3385 incitent,

266 3395 337 3458 dum
362 3398 560 3477 agnoscimus
585 3395 644 3460 bac
666 3399 787 3463 ratione
809 3403 983 3479 permotum
1007 3398 1108 3464 felicis
1131 3398 1357 3462 recordationis

270 3482 425 3548 Urbanum
442 3501 550 3564 papam
567 3484 715 3559 Quartum
731 3485 994 3568 predecessorem
1009 3493 1162 3564 nestrum,
1177 3492 1354 3567 perpetuam

267 3570 453 3636 sanctissimi
471 3571 618 3652 Corporis
635 3574 749 3638 Christi
773 3573 950 3652 hujusmodi
965 3573 1174 3649 festivitatem,
1197 3581 1230 3637 et
1253 3573 1293 3636 ad
1315 3571 1356 3634 il-

265 3656 326 3720 lius
342 3656 582 3722 celebrationem
599 3661 725 3724 eosdem
743 3661 856 3726 Christi
878 3660 984 3725 fideles
1000 3662 1261 3744 indulgentiarum
1278 3679 1355 3724 cuu-

266 3745 412 3811 cessione
428 3747 588 3825 invitasse,
604 3750 765 3828 cupientes
779 3750 882 3828 itaque
897 3750 978 3828 piam
995 3749 1110 3813 Christi
1126 3748 1260 3813 fidelium
1277 3765 1355 3812 uuu-

266 3831 501 3912 fraternitatem,
520 3835 577 3900 suh
595 3837 791 3900 invocatione
806 3835 946 3916 ejusdem
962 3837 1105 3917 corperis
1121 3836 1237 3901 Christi
1252 3837 1285 3898 in
1300 3853 1355 3898 ee-

267 3917 362 3982 clesia
378 3919 487 3986 doinus
502 3925 604 3990 Beate
621 3925 724 3990 blarie
738 3942 832 4006 supra
847 3925 1017 3992 Mineruam
1034 3923 1153 3990 ordinis
1168 3923 1354 3990 Predioatu-

266 4023 335 4086 pum
350 4007 411 4072 ritu
426 4007 605 4091 institutam,
621 4020 653 4076 et
667 4031 683 4076 a
699 4013 759 4093 pie
770 4013 1026 4078 raemoriaePaule
1042 4013 1353 4093 papal'ertiu,etian1

268 4095 502 4175 predecessore
517 4108 625 4167 nostro
641 4101 851 4183 approbatam,
867 4108 899 4166 et
914 4099 1133 4179 conuiuatum,
1149 4121 1190 4164 ex
1206 4121 1264 4184 qua
1276 4101 1354 4164 sicut

267 4186 441 4267 accepimus
462 4185 576 4252 uberes
597 4189 715 4254 fructus
737 4195 959 4271 provenerunt,
983 4189 1171 4270 specialibus
1186 4187 1353 4264 fauoribus,
