2938 4716
293 349 334 416 39

375 528 483 592 Verum
519 542 558 588 ex
592 523 714 588 instituti
751 525 846 588 riustri
878 525 995 588 rationo
1030 541 1091 588 non
1113 525 1246 607 integros
1270 524 1335 588 ilias

291 633 384 709 rixas,
405 627 461 692 sed
482 644 535 691 eas
555 634 667 690 tantum
698 634 799 707 partes
820 627 1045 707 explicabimus,
1068 643 1146 705 quac
1160 627 1243 689 Senti
1266 627 1334 688 tire.

290 739 376 808 runt,
407 745 544 811 quaeque
575 727 623 790 tris
653 728 727 809 ipsis
748 727 832 790 Scoti
859 727 992 808 partibus
1012 728 1216 790 necessariam
1236 728 1333 789 lucem

288 831 443 894 aliundene
464 827 630 892 videantur.

371 929 529 993 Damnavit
560 927 650 1009 igitur
677 925 947 1002 Gothescalcumt)
975 931 1007 987 ut
1033 925 1331 1006 praedestinatianae

289 1032 425 1095 haeresis
461 1027 630 1090 convictum
667 1026 864 1103 hincmarus,
897 1024 1142 1106 archiepiscopus
1176 1023 1334 1086 Remenais

290 1151 357 1195 cum
400 1128 519 1211 synodo
551 1127 573 1189 l.
614 1127 691 1208 apud
732 1126 915 1190 Curisiacum
954 1135 999 1202 [a.
1030 1124 1239 1201 uuccxttx)
1274 1124 1333 1184 taa-

288 1236 348 1298 bita
361 1238 400 1309 ²).
444 1232 647 1294 Damnaverat
677 1226 804 1290 eundem
831 1227 889 1286 iam
910 1227 1047 1305 proximo
1069 1243 1151 1286 anno
1171 1224 1331 1287 concilium

285 1331 489 1415 lloguntinum
513 1327 549 1391 ll.
572 1327 627 1390 sub
650 1328 786 1404 Rabona,
805 1328 855 1406 qui
876 1345 914 1390 eo
934 1329 1000 1406 ipso
1023 1333 1158 1406 tempore
1178 1325 1331 1404 archiepi-

283 1449 395 1514 scopus
418 1429 610 1512 lioguntinus
632 1433 698 1490 erat
717 1433 836 1489 creatus
851 1431 893 1504 ⁸).
935 1427 1022 1508 Apud
1053 1425 1132 1488 illum
1162 1427 1240 1488 enirn
1264 1425 1329 1488 Go-

283 1531 465 1608 thcscaicus,
487 1531 537 1611 qui
556 1531 584 1592 in
601 1528 758 1591 itineribus
775 1546 830 1607 per
846 1528 958 1590 ltaliam
975 1526 1224 1606 Germaniamque
1240 1525 1328 1588 saetis

282 1633 406 1714 primum
444 1629 483 1692 dc
518 1629 639 1710 gemina
675 1626 950 1707 praedestinatione
984 1643 1155 1688 sennonem
1191 1625 1327 1700 iecisset,

283 1734 368 1796 istius
388 1730 502 1794 erroris
524 1733 683 1790 accusatus
714 1726 827 1790 suerat:
860 1733 950 1807 atque
980 1726 1058 1788 lraee
1092 1728 1157 1806 ipsa
1191 1722 1328 1804 synodus

543 1923 624 1931 -.---—.

335 2059 363 2122 1)
383 2058 444 2109 Erat
463 2057 484 2108 ia
511 2056 670 2108 Orbaceoeis
694 2055 804 2127 quidem
830 2057 991 2122 monachus,
1017 2073 1066 2109 nec
1094 2067 1183 2110 tameo
1212 2060 1324 2113 naticae

380 2145 485 2206 Gallus,
504 2142 552 2195 aad
571 2145 649 2195 Saxo.
686 2145 763 2196 Patre
782 2146 853 2194 enirn
873 2162 935 2196 uaria
954 2154 995 2197 est
1011 2145 1109 2196 comite
1131 2147 1224 2208 Beroe,
1243 2149 1324 2199 arati.

380 2233 482 2284 liaciano
503 2233 572 2283 iuter
590 2231 708 2284 Saxonea
726 2248 832 2300 peoora.
856 2231 980 2284 Tradunt
998 2241 1097 2294 cutem,
1116 2231 1323 2287 Gotlaeecalcuaa

380 2319 520 2392 puerulum
552 2317 638 2368 atllraac
664 2335 679 2368 a
712 2319 868 2388 parentibus
893 2319 948 2370 arria
977 2320 1006 2370 iu
1033 2318 1166 2370 coenobio
1191 2318 1320 2372 Fultlensi

378 2407 532 2470 „Decerne
552 2406 702 2458 oblatum·
738 2406 788 2456 llic
813 2423 864 2456 uua
893 2421 951 2458 cuin
973 2423 1005 2458 eo
1024 2405 1058 2458 od
1078 2407 1182 2458 litterar
1199 2407 1323 2460 incubuit

382 2491 548 2544 Walafridua
572 2491 683 2554 Strabo,
712 2509 792 2562 quern
818 2490 915 2543 habuit
933 2493 1119 2544 anaiciesiuaoan
1139 2495 1187 2561 (cl.
1212 2495 1321 2546 ll'ulalr.

376 2585 465 2649 poim.
489 2580 515 2629 in
534 2577 604 2629 Max.
627 2575 755 2629 biblioth.
775 2585 893 2646 potrum,
920 2575 1040 2648 lugdun.
1073 2579 1147 2643 adiu,
1174 2589 1239 2633 torn.
1265 2581 1320 2644 XV,

375 2685 403 2738 p.
422 2665 473 2718 231
494 2665 556 2717 C-
570 2666 615 2736 G).
652 2664 742 2736 Quuur
760 2665 935 2728 adolesceret,
955 2667 1034 2718 vitem
1053 2667 1237 2720 monachicam
1259 2687 1322 2738 pcr-

376 2762 465 2805 taceae
484 2753 568 2822 petiit
585 2752 618 2803 ab
637 2752 757 2820 Otgorio‚
783 2751 900 2822 archiep.
922 2753 1050 2821 Magoni„
1073 2762 1111 2819 ut,
1130 2757 1257 2824 quonium
1277 2758 1320 2808 iu-

377 2839 449 2891 ritus
474 2839 508 2890 eal
534 2855 591 2891 cora
617 2837 749 2890 adductus
768 2847 852 2900 caret,
884 2840 941 2890 eiua
967 2842 1106 2892 voluntate
1133 2842 1217 2909 ipsam
1236 2843 1321 2894 reliu-

377 2943 461 2999 quere
481 2925 531 2978 tihi
551 2927 759 2997 permitteretur.
803 2925 899 2994 Neque
930 2927 1054 2995 Otgariua
1088 2927 1111 2978 ei
1141 2929 1244 2997 petenti
1270 2929 1321 2980 ue-

376 3015 439 3066 fait.
476 3013 530 3064 lam
550 3029 612 3064 aero
632 3013 773 3075 liehanos,
804 3009 1102 3074 abbaaFulalcoairta.
1124 3014 1320 3083 DCCCXlt'll),

378 3099 544 3154 Ludovicutu
565 3100 629 3168 irap.
650 3115 698 3168 per
716 3101 819 3151 litteras
838 3099 920 3160 odiit,
950 3102 1029 3171 eiqire
1048 3099 1249 3166 demonstravit,
1268 3119 1320 3172 pa·

378 3193 482 3239 rentum
509 3196 572 3239 roto
599 3203 696 3256 pueros
721 3187 749 3238 in
768 3195 927 3257 perpetuum
946 3189 1104 3241 constrictos
1123 3189 1219 3242 teneri.
1254 3187 1317 3258 Quo

376 3273 476 3325 lactum
495 3281 544 3334 eat,
562 3281 592 3325 ut
610 3273 800 3325 Gothescalcua
827 3291 963 3327 remanere
991 3285 1139 3343 cogeretur.
1175 3275 1199 3327 la
1228 3285 1318 3328 tamcu

374 3362 403 3412 in
422 3360 555 3412 coenobio
578 3359 705 3413 Fultleuai
726 3361 798 3430 apud
817 3361 954 3412 Rabauom
974 3359 1075 3412 diutior
1093 3378 1201 3414 manere
1218 3361 1318 3427 uoluit,

379 3449 542 3518 accessitque
562 3448 597 3499 ad
619 3446 728 3510 Gallos,
754 3448 801 3500 ubi
828 3449 856 3501 ia
877 3447 1030 3500 Orbacenac
1048 3451 1236 3502 mannateriuaa
1257 3463 1317 3500 aeae

378 3533 494 3588 abdidit.
539 3535 581 3588 cf.
612 3534 754 3586 ntabtttoa.
782 3551 846 3588 ono.
876 3535 924 3586 tib.
951 3535 1031 3599 XXX,
1063 3553 1091 3588 u·
1121 3535 1172 3602 ³05
1207 3535 1317 3588 centur.

377 3621 503 3690 Magdeb.
530 3629 601 3674 cent.
629 3619 682 3685 lx,
711 3638 770 3692 cap.
788 3621 806 3672 9
823 3631 851 3675 et
868 3621 901 3674 10
921 3621 1000 3691 (edit.
1022 3623 1100 3676 Boail.
1120 3626 1235 3675 column.
1255 3623 1319 3684 tot,

375 3708 437 3774 513,
456 3707 532 3778 546).

329 3829 359 3898 2)
381 3829 416 3882 cl.
436 3829 533 3891 Mauri,
550 3844 571 3879 a.
590 3828 687 3880 concil.
708 3843 776 3880 nore
795 3836 823 3881 ct
840 3830 1001 3900 amplissima
1013 3792 1153 3886 collectio:
1172 3841 1237 3886 tom.
1251 3833 1316 3898 xiv,

375 3917 428 3972 col.
450 3915 534 3969 919c
555 3947 586 3960 -
609 3915 701 3968 tiata.

330 4039 359 4108 3)
378 4038 526 4092 cillenii.
545 4039 592 4090 l.l.
612 4037 662 4090 col.
683 4035 769 4092 9131)
791 4063 824 4078 -·
843 4035 895 4093 918
907 4037 936 4090 Ε.
957 4065 991 4080 -
