2938 4716
727 618 824 697 Capul
844 617 886 680 ll.

296 779 380 854 Quae
407 775 438 838 in
459 779 572 839 Ioanne
594 773 687 838 Scoto
714 773 828 835 luerint
855 771 984 835 eruditio
1014 780 1104 856 atque
1130 775 1266 855 litterae,
1301 783 1331 838 et

637 871 716 933 node
737 892 789 935 eas
812 873 989 952 perceperit

378 1050 674 1135 Recognoscentibus
695 1051 783 1112 nobis
804 1052 1006 1115 tantummodo
1023 1071 1071 1128 ea,
1093 1072 1169 1134 quae
1185 1056 1242 1117 iam
1258 1037 1342 1136 pro-¹

295 1159 376 1223 ximo
398 1159 497 1236 capite
521 1152 558 1213 de
579 1151 671 1214 Scoto
698 1152 844 1233 disputata
876 1157 960 1230 sunt,
998 1162 1161 1236 promptum
1192 1157 1331 1237 proposi-

296 1266 416 1336 tumque
436 1255 502 1331 erit,
525 1252 604 1314 lroud
626 1251 740 1333 vulgati
764 1252 842 1314 illum
864 1252 1026 1333 hominem,
1060 1274 1136 1336 quae
1159 1257 1223 1319 eius
1246 1264 1332 1320 aela-

296 1358 334 1420 tis
355 1363 401 1417 est
421 1354 508 1431 ratio,
531 1353 667 1414 doctrina
688 1351 884 1432 excelluisse,
919 1359 1008 1438 alque
1041 1355 1118 1417 adeo
1142 1358 1218 1418 iuter
1240 1359 1332 1438 ipsius

296 1455 455 1536 aequales,
490 1454 539 1532 qui
571 1452 627 1514 hac
650 1454 680 1514 in
701 1469 735 1515 re
755 1440 819 1533 ipsi'
835 1462 1076 1535 compararetur,
1110 1457 1160 1518 rix
1181 1459 1330 1519 inventum

297 1573 367 1617 esse
390 1571 574 1636 quemquam.
619 1552 703 1626 Quae
724 1553 806 1615 Scoli
828 1553 963 1617 doctrine
985 1555 1035 1616 hic
1056 1557 1143 1635 paulo
1166 1559 1333 1618 accuratius

297 1663 343 1718 est
367 1653 583 1736 persequenda.
627 1652 724 1716 Semel
745 1659 843 1714 tamen
866 1659 953 1735 atque
976 1657 1116 1717 universe
1137 1657 1175 1717 ita
1192 1659 1332 1719 monitum

298 1775 367 1820 esse
390 1757 534 1830 volumus,
567 1741 705 1834 quidquid
728 1753 877 1815 hocloco
901 1757 957 1835 ipsi
979 1755 1074 1818 laudis
1094 1758 1255 1836 tribuatur,
1291 1759 1333 1838 id,

297 1858 354 1922 nisi
376 1859 441 1918 eius
463 1856 568 1918 aetatis
594 1853 693 1914 habita
716 1855 842 1932 ratione,
864 1855 920 1934 ipsi
941 1855 1078 1918 tributum
1100 1875 1159 1918 uon
1184 1875 1262 1924 esse.

383 1957 518 2020 Primum
537 1955 628 2037 igitur
650 1955 722 2017 sotis
744 1963 881 2034 magnam
903 1956 933 2017 iu
956 1973 994 2018 eo
1017 1957 1266 2038 deprehendimus
1288 1959 1335 2020 le-

298 2057 424 2120 tinarum
455 2057 618 2120 litterarum
640 2055 851 2137 coguitionem.
885 2055 999 2119 Laudat
1015 2055 1181 2134 Boethium,
1204 2059 1336 2134 Plinium,

299 2159 470 2242 Virgilium,
495 2156 689 2234 Ciceronem,
724 2156 817 2232 alios;
852 2174 927 2237 quos
960 2175 1095 2238 maguam
1128 2165 1240 2238 partem
1271 2159 1336 2238 ipse

299 2261 426 2342 legit¹):
448 2257 572 2339 plurima
595 2258 686 2318 latine
708 2257 842 2335 scripsit,
874 2258 997 2337 eiusque
1018 2259 1114 2320 oratio
1138 2266 1194 2318 tam
1217 2261 1335 2337 poetica

300 2375 386 2440 quam
407 2373 498 2439 prosu
518 2364 565 2420 est
582 2357 750 2437 perspicua,
773 2362 877 2436 plena,
898 2359 962 2418 l'ere
977 2357 1109 2438 elegans.
1146 2359 1335 2431 Quadratum

301 2465 358 2537 est,
381 2464 414 2520 ul
433 2457 511 2520 odeo
528 2456 741 2538 'chrysostomi
765 2475 830 2518 eum
863 2459 1042 2538 cognomine
1065 2459 1335 2535 honestaveriot2).
1446 2497 1450 2508 .

300 2560 418 2624 Deinde
439 2558 538 2635 etiem,
558 2557 588 2619 id
609 2557 690 2638 quod
710 2564 796 2619 certe
819 2558 1023 2621 admirandum
1046 2566 1102 2635 est,
1125 2577 1255 2641 graecae
1277 2560 1337 2620 lin-

301 2679 378 2744 guae
402 2660 557 2722 scientiam
589 2659 645 2720 sibi
679 2667 921 2740 comparaveram
956 2677 1012 2721 nec
1045 2678 1109 2722 eam
1144 2661 1336 2722 mediocrem.

302 2763 355 2824 Est
376 2759 511 2841 quidem,
546 2765 578 2820 ut
606 2777 643 2820 ex
666 2761 794 2838 antiquis
819 2760 964 2822 Graeciae
988 2761 1182 2841 scriptoribus
1204 2759 1337 2821 classicis

303 2863 353 2922 vix
372 2859 461 2922 ullum
481 2859 593 2940 legisse
623 2858 786 2921 videatur:
809 2879 910 2922 verum
941 2862 1018 2922 inter
1052 2867 1151 2941 patres
1178 2859 1337 2936 ecclesiae,

300 2977 378 3042 quos
411 2965 539 3036 vocant,
574 2959 665 3040 longe
692 2960 797 3023 melius
823 2962 907 3022 novit
938 2977 1067 3042 graecm
1102 2977 1187 3040 quam
1220 2959 1338 3020 latinos.

304 3061 373 3122 lllos
396 3058 501 3121 saltem
522 3060 697 3138 saepissime
719 3065 810 3121 testes
838 3060 965 3140 profert,
1000 3059 1066 3121 illos
1098 3059 1218 3139 plurima
1252 3057 1339 3119 lande

303 3159 492 3242 prosequitur
502 3162 540 3236 ³).
583 3159 706 3240 Scriptis
727 3151 799 3238 suis,
819 3161 978 3241 praecipue
996 3178 1071 3240 quae
1090 3166 1159 3221 sunt
1174 3157 1211 3220 de
1226 3173 1340 3238 gruere

306 3339 675 3350 m

361 3447 388 3513 l)
407 3445 441 3496 cl.
460 3443 494 3494 de
515 3443 568 3493 div.
586 3450 640 3493 nat.
660 3445 679 3504 l,
696 3443 747 3506 563
773 3443 819 3502 lll,
841 3442 887 3506 ll,
913 3441 1007 3505 1V,7;
1035 3443 1077 3502 lll,
1097 3439 1227 3504 34—363
1255 3441 1274 3500 l,
1296 3437 1339 3500 to:

408 3533 428 3594 l,
448 3530 496 3594 333
523 3528 624 3593 ΙΙ,17;
656 3529 768 3594 1t1‚33;
801 3527 943 3593 1,43,45,
964 3527 988 3592 8,
1012 3529 1051 3594 tt),
1070 3527 1213 3592 7,59cel.
1241 3555 1274 3566 —
1304 3527 1343 3577 De

408 3618 544 3690 praedest.
565 3617 660 3669 XVlll.

362 3739 391 3808 2)
409 3738 442 3788 el.
463 3737 709 3790 Slaudeurneierum
730 3757 756 3808 p.
774 3737 834 3801 too,
854 3737 928 3788 Gale.
949 3737 1046 3788 testim.
1067 3755 1093 3807 p.
1115 3735 1155 3791 13.
1269 3773 1276 3780 -

367 3858 398 3928 3)
416 3858 552 3912 Platonem
572 3860 679 3928 saepius
696 3861 773 3919 eilut3
801 3877 850 3910 nec
873 3868 961 3912 tumen
985 3863 1041 3910 eins
1061 3859 1143 3910 libros
1165 3861 1222 3926 ipse
1241 3857 1346 3908 videtne

412 3946 574 3998 excurrisse:
595 3945 628 3997 cl.
649 3947 683 3998 de
702 3947 754 4002 diu.
775 3946 821 4010 lll,
848 3945 892 3999 36.
929 3948 956 3998 Si
977 3963 1147 4017 quemquam,
1177 3945 1345 3996 aristotelem

412 4032 466 4084 ruis
496 4032 580 4086 oculis
602 4035 715 4088 uiderit:
743 4035 776 4088 cs.
805 4037 898 4105 linger.
926 4037 1004 4088 liaeo.
1030 4034 1102 4104 opud
1128 4032 1224 4085 Wood.
1251 4031 1346 4084 histor.
