2938 4716
1114 353 1156 420 δῦ

127 541 243 616 egerunt
254 536 310 612 ⁷⁶),
332 549 437 596 serum
459 533 547 596 etism
570 551 676 598 omnes
698 533 911 616 propemodum
934 535 1061 617 synodi,
1089 538 1160 620 qui-

127 635 241 698 iuicnm
260 653 310 698 res
333 635 388 696 iuit
409 634 613 715 Berengsrio‚
646 651 783 716 quaeque
814 654 953 719 magnum
978 645 1092 718 purtem
1121 639 1159 702 ab

127 737 227 818 insigni
254 738 463 816 episcoporum
485 733 699 816 doctorumque
721 735 872 799 hominum
896 737 1063 816 frequentis
1091 745 1161 802 sunt

126 833 237 898 istitse
249 838 306 911 Π),
327 833 448 896 ioannis
467 835 549 898 Sooti
571 834 676 898 tibrum
696 834 735 898 de
753 854 778 898 s.
792 836 980 900 Eucharistie
1000 845 1160 916 noverunt,
1206 843 1212 860 '

124 941 265 1016 legerunt,
289 933 512 996 damnaverunt.
533 935 597 1000 Nee
619 935 773 1016 quisquam
797 938 874 1000 inter
895 944 1003 1000 tantum
1024 954 1162 1000 summo-

126 1051 183 1096 rum
204 1035 336 1096 virorum
358 1033 590 1110 multitudinem,
625 1035 675 1114 qui
708 1041 751 1097 tot
781 1053 835 1115 per
854 1053 950 1098 annos
971 1038 1163 1100 continenter

127 1135 184 1196 iere
205 1135 428 1216 Berenguriene
451 1151 542 1198 ceusu
562 1135 681 1198 inerunt
703 1137 849 1218 occupati,
881 1139 1033 1200 exstitisse
1055 1156 1163 1202 norro.

127 1239 183 1311 tor,
217 1236 267 1296 eni
301 1235 358 1296 aiio
386 1235 423 1296 de
453 1235 531 1298 iliius
560 1235 626 1298 iibri
657 1244 781 1298 auctore
814 1239 993 1300 intuentem
1015 1239 1162 1302 venerint.

129 1334 221 1408 Quare
247 1336 384 1415 proiecto
406 1337 510 1398 mirum
535 1353 686 1399 essenon
708 1344 825 1417 potest,
848 1340 897 1418 mxi
919 1339 1029 1402 iscium
1049 1340 1102 1416 sit,
1131 1345 1164 1402 nt

127 1435 161 1494 uit
189 1435 247 1498 iiiis
280 1453 375 1516 nsque
407 1436 588 1516 temporibus
616 1437 694 1516 opud
724 1455 830 1500 omnes
858 1440 980 1503 omuino
1001 1439 1164 1502 historicos

126 1537 304 1616 oritimsque
326 1533 366 1596 its
389 1537 572 1598 eonstiterit:
596 1539 803 1616 composuisse
824 1540 943 1602 Scotum
960 1538 1058 1602 ceroti
1080 1540 1164 1621 regis

125 1635 203 1696 iussu
230 1635 379 1698 adversos
410 1634 600 1698 Paschasium
620 1636 727 1700 librum
747 1637 786 1701 de
812 1655 839 1700 s.
859 1637 1067 1718 Eucherium,
1103 1655 1164 1720 quo

124 1734 195 1798 otro
215 1744 324 1816 postes
346 1735 547 1817 Berengerius
568 1753 640 1800 usus
662 1739 711 1800 sit.

204 1837 317 1900 Nostro
339 1843 436 1900 eutem
455 1842 554 1898 seinte
574 1835 639 1914 init,
660 1840 708 1918 qni
731 1837 855 1914 diceret,
876 1838 981 1900 tibrum
1001 1837 1081 1900 ilium
1103 1837 1166 1900 Be·

126 1937 333 2017 renger-ionum
354 1953 415 1998 non
437 1935 529 1998 fuisse
553 1937 652 2013 Senti,
684 1936 739 1997 sed
764 1935 925 2000 Rntrsmni.
968 1937 1053 2000 iiuno
1086 1935 1167 2000 isiso

126 2035 304 2117 adscriptum
325 2053 396 2098 esse
418 2035 524 2098 iosnni
545 2037 646 2098 Scoto.
690 2037 788 2109 Quare
812 2053 850 2097 ne
869 2037 927 2098 hoo
949 2035 1068 2116 quidem
1094 2053 1166 2098 cer-

127 2142 182 2198 tum
203 2142 298 2213 esset,
326 2153 365 2198 sn
386 2137 494 2198 scotus
513 2135 602 2198 ulium
622 2153 750 2216 unquam
773 2136 811 2197 de
834 2153 859 2198 s.
879 2135 1067 2199 Eucharistiu
1091 2153 1166 2218 opus

127 2236 282 2298 excuderit
292 2238 347 2314 1ὓ).

204 2337 315 2398 Verum
348 2335 500 2398 enimvero
523 2337 657 2416 quernus
679 2343 766 2398 sente
788 2343 876 2418 etque
898 2335 1046 2398 subtiliter
1065 2335 1115 2399 iiie
1136 2336 1167 2398 in

128 2435 304 2518 disputando
325 2438 363 2500 sit
382 2442 528 2516 versutus,
549 2436 579 2498 id
603 2441 710 2516 tomen,
731 2438 757 2500 si
778 2436 849 2518 quid
869 2436 1013 2516 videmus,
1035 2454 1097 2500 non
1120 2444 1167 2500 est

133 2609 465 2626 Μ

162 2720 207 2790 76)
226 2721 261 2772 ei.
280 2720 418 2772 Lunirsnc.
437 2737 530 2772 comm.
551 2727 643 2772 contro
661 2719 772 2789 Bereng.
792 2736 835 2789 sp.
858 2719 954 2772 Manui.
973 2719 991 2770 Ι.
1012 2735 1033 2770 s.
1054 2717 1168 2772 corruo

231 2809 254 2859 D
277 2837 308 2850 ·-
331 2817 359 2859 et
376 2808 489 2878 saepius.
510 2837 545 2851 ·-
572 2805 690 2859 Durund.
717 2806 781 2858 abb.
807 2807 969 2858 Trourneus.
994 2823 1038 2876 op.
1069 2807 1165 2860 Mauri.

224 2895 276 2946 toi.
295 2893 346 2946 782
366 2895 388 2944 D
410 2896 488 2946 -Ε,
516 2925 549 2939 -
580 2895 696 2946 ΑιοεΙίιι.
724 2897 801 2964 epist.
824 2894 1167 2964 addereng.sp.d1unsi.

224 2983 243 3034 l.
263 2999 285 3034 e.
306 2983 357 3034 col.
379 2983 428 3034 777
442 2985 460 3034 Α
472 2983 543 3034 -C.
564 2985 769 3048 -dnonymus
788 2981 847 3052 (qui
867 2984 987 3034 conciliis
1006 2979 1167 3034 adversos·

227 3071 377 3138 rengerium
396 3069 497 3121 habitis
516 3087 543 3121 se
562 3071 716 3121 interfuisse
739 3069 844 3142 scribit)
863 3071 891 3121 in
904 3087 994 3138 oprrsr.
1007 3067 1041 3120 ds
1056 3067 1166 3138 Bereng.

226 3155 399 3208 dsnrnutions
418 3157 563 3227 multipiici
582 3175 625 3226 op.
646 3156 741 3208 Manui.
763 3156 781 3207 Ι.
799 3173 820 3208 c.
842 3158 892 3212 coi.
913 3156 963 3209 757
982 3157 1010 3208 E.
1027 3187 1062 3199 -

163 3260 209 3328 77)
231 3261 271 3312 De
289 3259 393 3329 synodo
412 3261 576 3312 Verseiiensi
608 3264 643 3328 (ι.
665 3261 736 3321 ML.)
761 3259 795 3316 ci.
814 3259 909 3312 Mnnsi.
934 3260 952 3312 i.
970 3277 992 3314 c.
1014 3261 1065 3314 coi.
1085 3259 1168 3314 757Ε

227 3365 302 3419 seqq.
327 3358 355 3402 et
378 3349 429 3402 soi.
456 3347 546 3400 77:313
573 3357 601 3399 et
621 3348 672 3400 eoi.
693 3345 745 3400 778
761 3348 800 3400 Es
821 3377 851 3390 -
873 3346 907 3400 de
925 3347 1029 3416 synodo
1050 3349 1169 3402 dionisus

226 3436 260 3503 (s.
278 3433 377 3504 Mitti)
399 3433 465 3486 ibid.
485 3433 536 3486 coi.
555 3433 608 3486 902
626 3435 720 3485 s-lt
740 3441 769 3485 st
787 3434 838 3484 coi.
859 3431 911 3486 759
927 3436 961 3485 A:
976 3463 1004 3478 -
1022 3434 1169 3504 desynodo

223 3521 365 3574 Pssisiensi
385 3523 420 3592 (u.
440 3521 508 3591 ML)
535 3522 569 3576 ci.
589 3519 709 3572 Dussnd.
727 3521 839 3572 Trosio.
858 3537 901 3590 up.
923 3521 1020 3574 diensi.
1038 3521 1058 3574 1.
1076 3539 1098 3574 e.
1116 3523 1168 3579 coi.

224 3606 317 3662 782o=
344 3606 378 3658 ds
405 3606 508 3674 synodo
531 3607 691 3676 ΤιιιοιιιιιιίΙ
710 3609 745 3674 (ι.
766 3605 877 3670 Muri.)
897 3606 931 3660 ci.
945 3607 1169 3664 Guiidisinrssb.

227 3709 270 3764 sp.
291 3693 389 3748 Thom.
410 3693 488 3752 Gale,
507 3693 551 3745 tr.
572 3695 671 3746 testim.
690 3712 718 3763 p.
738 3693 764 3746 8.
782 3723 815 3734 -·

163 3794 211 3864 78)
227 3797 262 3848 si.
279 3795 307 3848 F.
325 3797 369 3850 W·
389 3797 483 3850 Leuis:
512 3797 601 3850 Uebsr
623 3797 672 3862 slis
699 3797 743 3849 iius
761 3797 884 3850 seriorsn
903 3795 1047 3866 gehsitsns
1067 3793 1169 3846 Schriit

228 3879 354 3936 desinis.
373 3883 468 3938 Suetus
487 3899 539 3937 non
558 3884 607 3936 der
624 3885 799 3938 Euehsristie.
827 3885 958 3948 inlibris,
978 3883 1027 3955 qui
1044 3879 1171 3934 inscribi·

225 3977 283 4022 tur:
309 3971 508 4042 Thesiogisciss
533 3972 647 4025 Studien
674 3991 700 4024 ιι.
720 3971 845 4028 Kritiken
862 3989 916 4030 ron
933 3969 1122 4026 Domitium
1141 3985 1168 4022 u.

227 4055 274 4108 or.
294 4054 423 4114 Umbrsit.
440 4059 462 4125 1,
479 4058 506 4125 d,
525 4077 552 4132 p.
573 4061 626 4114 755
645 4075 703 4131 seq.
