2938 4716
267 333 308 410 du

356 519 440 593 Quae
462 535 529 582 cum
549 519 589 584 ite
611 519 681 593 sint,
700 517 819 582 incitem
839 519 897 582 iem
918 517 1028 582 trudent
1047 517 1224 599 explicatum
1238 533 1320 597 pec·
1340 509 1345 514 '

269 625 403 685 cetorum
425 635 553 698 poenee.
595 619 669 683 Sunt
692 618 770 682 cuim
793 617 886 697 nihii,
918 621 976 684 nisi
1006 618 1204 698 „vuiuntctisq
1233 634 1316 696 quae

268 715 384 800 pccc'ut,
407 721 568 796 cruciatus,
595 719 702 799 quibus
724 719 863 796 edicitur,
894 721 961 784 dum
985 737 1034 794 ee,
1064 736 1140 798 quae
1163 718 1244 780 mete
1260 723 1316 780 eut

265 819 528 900 indiqne‘uppetit⁹
552 818 664 882 hebere
685 836 747 884 nun
769 820 901 884 sinitur.“
920 859 961 872 -
983 820 1076 898 „Dum
1098 819 1177 880 emim
1198 817 1311 897 impiu-

265 937 329 982 rum
351 921 483 1000 nequitia
505 918 577 982 nihii
600 920 679 982 utiud
701 921 820 1001 appetit,
843 920 901 982 nisi
922 921 959 982 eir
982 937 1032 997 eu,
1062 919 1112 999 qui
1130 925 1179 982 est
1196 935 1313 980 aurnum

266 1019 398 1082 essentia
421 1021 450 1080 in
472 1024 582 1082 tentum
604 1019 769 1097 recedere,
800 1026 832 1082 ut
860 1035 963 1081 eornm
994 1025 1099 1098 netum
1127 1017 1157 1080 in
1187 1017 1310 1080 miiitum

264 1117 371 1181 redeat
392 1155 432 1168 -
454 1117 613 1182 difficultas
635 1120 664 1182 ei
686 1138 726 1180 ex
745 1113 879 1182 ceternis
901 1118 1021 1200 iegibus
1044 1118 1179 1198 obsistit,
1206 1135 1247 1180 ne
1278 1117 1309 1178 in

266 1225 377 1281 tantum
400 1218 507 1294 cadet,
538 1225 677 1298 quantum
701 1219 804 1282 velletr
842 1237 881 1282 ex
910 1237 945 1281 er
984 1218 1156 1282 difficultate
1184 1217 1313 1292 trituret,

265 1318 432 1382 taborundu
456 1325 621 1400 torquetur,
643 1322 769 1401 punitur,
790 1320 1023 1396 eructuarent

351 1418 468 1492 Quibus
499 1421 645 1500 expositis
679 1421 900 1501 quodammodo
921 1421 979 1484 iem
1000 1425 1105 1501 peiere
1122 1418 1310 1492 arbitremur,

266 1534 354 1596 quem
377 1520 455 1580 retiu
475 1535 638 1599 poenarum
660 1527 814 1584 auctorem
836 1520 941 1584 heberi
963 1519 1074 1584 iubent.
1116 1518 1180 1583 ttuc
1210 1518 1313 1600 igitur,

268 1635 346 1708 quae
372 1616 410 1679 de
433 1635 471 1682 eo
494 1617 650 1696 ducentur,
672 1619 826 1684 efferenda
849 1639 920 1684 esse
940 1621 1117 1702 putavimus.

347 1716 493 1782 Perverse
514 1718 605 1800 igitur
627 1719 782 1797 uoluntas,
816 1737 905 1802 quum
939 1722 1060 1801 proprie
1081 1726 1112 1784 et
1131 1735 1260 1800 peceare
1282 1723 1314 1780 ct

266 1815 362 1894 puniri
393 1817 569 1895 docuimus,
597 1836 658 1882 non
690 1819 811 1886 etiunde
830 1821 897 1884 iilos
916 1823 1066 1886 crucietur
1087 1837 1176 1896 suos,
1203 1818 1310 1899 quitus

266 1917 306 1980 cir
325 1918 533 2000 inexplebilem
552 1920 639 1984 istem
654 1920 816 2000 libidinem,
838 1920 1036 2004 nequidquam
1052 1922 1136 2003 quusi
1155 1918 1310 1997 „quincius

375 2222 563 2284 peccaverunt.
600 2213 767 2284 Qiremqnmn
794 2221 883 2264 eutem
902 2213 1053 2282 geueeriem
1073 2211 1180 2280 generis
1199 2209 1309 2262 immuni

373 2289 496 2352 naturum
524 2301 551 2351 in
581 2317 613 2349 eo
632 2299 733 2350 creavit
753 2297 834 2363 rieur3
848 2325 849 2329 ¹
865 2297 930 2350 iidoc
951 2307 1039 2350 tamen
1058 2315 1168 2370 peccare.
1187 2316 1240 2348 non
1260 2315 1312 2366 prr-

372 2389 434 2449 tuit,
458 2388 560 2457 quippe
580 2404 659 2458 qurum
680 2386 746 2437 deire
767 2387 869 2438 iecerit.
889 2415 923 2426 ·-
944 2387 1034 2456 Quare
1049 2401 1157 2437 neeesse
1175 2394 1222 2436 eut.
1243 2369 1309 2435 sub·¹

373 2477 494 2526 stitutum
524 2483 584 2526 erse
603 2491 617 2523 a
637 2473 688 2524 ‹ieo
706 2474 733 2525 iri
752 2473 836 2542 primo
856 2473 966 2526 immine
984 2476 1064 2525 etiam
1084 2474 1203 2525 omnium
1221 2471 1311 2522 honri·

369 2579 434 2612 num
462 2561 596 2631 proprium
620 2561 798 2623 voluntatem,
825 2569 908 2632 ntquc
934 2564 970 2613 itu
1001 2563 1029 2614 in
1049 2578 1082 2612 co
1109 2575 1232 2630 peccem
1249 2575 1309 2610 nom*

370 2656 481 2701 netumc
494 2649 611 2700 omnium
626 2649 841 2716 generatitetenr,
858 2647 905 2700 red
919 2650 1129 2718 uniuscuiusque
1139 2645 1305 2700 individuam

376 2734 572 2786 voluntatemne
592 2735 634 2788 ct.
655 2735 722 2797 xvi,
742 2736 764 2808 §
781 2735 808 2787 3.

307 2837 357 2902 33)
373 2837 408 2889 ci·
429 2838 497 2905 iiiii,
513 2838 545 2904 43
565 2839 660 2902 xviii,
679 2839 704 2892 7.
725 2869 759 2884 .-

420 2927 467 2980 Ert
483 2934 574 2978 nutem
593 2926 739 2996 diiigenter
756 2928 959 2988 attendendum.
977 2928 1043 2997 quid
1055 2929 1164 2998 proprie
1181 2925 1311 2978 efficietur

365 3029 462 3084 poene.
499 3014 731 3084 Quemadmodum
758 3017 840 3084 igitur
868 3015 914 3084 (ci.
943 3033 1002 3086 rup.
1026 3026 1082 3069 not.
1099 3014 1233 3083 29-30)
1254 3031 1309 3066 nun

223 3101 228 3108 '
271 3117 273 3119 ·
366 3110 460 3152 netum
481 3110 582 3170 pecc-rt,
603 3102 649 3153 sed
673 3120 792 3172 perversa
816 3104 957 3157 voiunterr
986 3103 1099 3156 sienem
1118 3111 1213 3154 nutura
1231 3101 1311 3171 puni·

366 3195 420 3249 tur,
447 3187 495 3239 seei
514 3189 608 3240 eedem
630 3189 754 3241 votunmc
775 3208 905 3260 perverts.
942 3192 1032 3260 Atque
1050 3189 1102 3242 iruc
1120 3185 1310 3260 percommode

367 3273 503 3326 transferri
523 3278 609 3344 possit
629 3279 703 3327 iocur
724 3276 832 3346 qnidam
851 3295 884 3328 ex
902 3295 960 3346 cap.
980 3277 1047 3338 xvi,
1066 3276 1088 3346 §
1102 3281 1131 3327 1:
1149 3275 1263 3346 „Quiri?
1281 3275 1309 3324 Si

366 3361 443 3413 nuiie
461 3371 555 3414 natium
576 3363 659 3415 fuerit
678 3365 780 3434 purnitc,
800 3363 930 3434 numquid
949 3365 1001 3415 erit
1015 3363 1129 3416 mirere?
1147 3361 1307 3415 Nonvideo.

259 3450 264 3460 “
368 3449 429 3516 Qun
450 3450 521 3500 enim
541 3451 728 3520 caprasiique
748 3459 843 3504 netum
864 3452 1046 3516 citimum,
1073 3453 1124 3507 miri
1152 3449 1235 3502 suerit
1257 3465 1308 3517 prr-

369 3533 446 3586 nite?
466 3537 602 3608 ituqrresi
621 3539 698 3590 nuiia
718 3547 812 3591 nature
832 3539 922 3608 puniri
941 3546 1040 3608 potest,
1058 3537 1133 3590 nuiia
1149 3545 1243 3588 nutura
1257 3536 1307 3584 mi-

371 3639 428 3674 sera
446 3622 508 3674 erit.
528 3653 559 3667 -
582 3625 675 3676 Omnis
693 3633 782 3675 certem
801 3633 894 3676 natura
916 3633 963 3676 ent
983 3623 1049 3676 deur
1070 3633 1125 3687 cst,
1150 3631 1196 3674 curt
1221 3624 1255 3675 ab
1275 3637 1309 3678 ro

371 3707 449 3760 iactr.
487 3709 613 3762 Naturam
633 3729 696 3763 nero
716 3712 869 3763 creatricem
890 3712 1013 3762 miseriae
1032 3729 1088 3763 esse
1106 3728 1241 3780 caqrncurn,
1263 3707 1310 3760 eie·

371 3799 563 3850 mentierimnm
584 3807 625 3850 ert
646 3799 789 3869 suspicari:
819 3799 934 3850 creatrix
954 3807 1042 3849 nutem
1062 3807 1173 3860 nutura,
1194 3813 1247 3867 qua
1266 3798 1307 3846 iu-

369 3884 442 3936 stitie
467 3885 593 3954 punitura
620 3887 655 3938 rit
678 3894 795 3947 metune,
822 3901 888 3955 qum
907 3887 964 3954 ipre
984 3887 1093 3948 creavit,
1117 3901 1172 3936 nun
1191 3883 1308 3934 invenio.

367 3973 446 4024 Nuiid
464 3971 562 4024 dehinc
579 3980 673 4026 nature
684 3975 826 4043 punieturq
840 3989 894 4026 mun
910 3975 1003 4044 quinutu
1020 3991 1074 4027 non
1084 3974 1308 4025 eritmireru.“--

367 4059 407 4110 di.
429 4059 498 4123 tivt,
517 4061 545 4122 2,
562 4059 589 4114 6.
