2934 4710
278 373 320 440 98

278 556 434 638 recipiunt
470 589 512 606 -
543 551 604 616 lies
637 553 748 617 clamos
779 552 924 617 elucescit
957 553 1140 620 intuentihus
1174 553 1317 617 circulum

279 667 368 739 atque
398 656 498 718 lineas
526 671 566 716 ex
595 660 699 718 centro
730 654 767 716 ad
789 671 857 716 eum
881 653 997 719 ductas.
1038 655 1152 719 Omnes
1175 657 1253 718 enim
1277 655 1318 717 li-

276 775 355 820 ncue
377 758 408 819 in
431 761 536 818 centro
557 769 647 816 unum
669 761 753 831 sunt,
773 771 831 816 nec
851 753 910 817 ullo
933 755 1025 818 modo
1047 762 1223 837 separatae:
1247 755 1317 817 dum

274 872 349 919 vero
371 873 409 918 ex
437 859 543 917 cenae
576 853 813 933 protenduntur,
847 855 959 935 spatia,
979 855 1085 935 quibus
1105 859 1318 936 segregantur,

277 971 418 1020 crescere
440 953 585 1033 incipiunt
606 950 706 1013 donec
726 952 764 1012 ad
787 958 950 1014 extremum
965 954 1106 1017 circulum
1128 953 1316 1033 perveniant,

273 1059 324 1121 ubi
347 1054 489 1120 latissima
510 1070 565 1116 sua
586 1051 760 1116 diastemata
776 1057 1011 1116 mensurantur.t
1036 1089 1075 1102 -
1090 1049 1156 1134 (lli,
1179 1054 1195 1113 1
1219 1057 1317 1134 seqq.)

730 1225 764 1292 S·
795 1219 845 1284 93.

358 1335 476 1400 Deinde
497 1353 557 1398 una
579 1337 709 1398 omnium
734 1353 835 1416 cause,
858 1334 943 1414 deus,
965 1352 1073 1398 causas
1095 1333 1317 1416 primordiales,

275 1436 524 1518 quemadmodum
545 1437 576 1498 in
601 1434 662 1497 lilio
682 1453 739 1498 suo
761 1434 907 1514 condidit,
930 1435 969 1498 ita
989 1451 1043 1514 per
1061 1435 1199 1515 Spiritum
1220 1450 1316 1496 sane

275 1543 335 1600 tum
360 1537 389 1598 in
421 1535 546 1598 ellectus
576 1551 649 1598 suos
682 1534 789 1596 dividit
818 1541 906 1614 atque
927 1533 1110 1614 multiplicat.
1153 1533 1205 1596 Ait
1225 1549 1315 1594 sacre

275 1638 442 1718 scriptura:
473 1633 528 1716 „Et
556 1635 682 1716 Spiritus
706 1634 754 1696 dei
777 1634 929 1696 terebatur
948 1649 1039 1715 super
1058 1641 1179 1715 aquas.“
1222 1633 1317 1696 liuius

273 1739 319 1802 rei
348 1737 505 1800 facillimus
541 1736 673 1799 occurrit
701 1734 886 1810 intellectus,
914 1734 962 1808 si,
983 1739 1015 1796 ul
1036 1735 1143 1815 Syrum
1166 1735 1316 1816 quendam

273 1835 462 1902 transtulisse
476 1835 585 1915 lerunt,
606 1835 737 1917 legatur:
761 1834 815 1915 „Et
830 1835 956 1915 Spiritus
978 1833 1027 1896 dei
1050 1827 1173 1900 l'ovebat
1193 1843 1316 1916 aquas.¹‘

273 1939 400 2019 Spiritus
421 1937 500 1998 enirn
521 1942 644 1998 sanetus
669 1952 826 1998 causarum
849 1933 1082 2014 primordialium
1103 1952 1207 2015 aquas,
1227 1942 1259 1998 ut
1280 1937 1314 1997 in

273 2057 329 2118 ea,
361 2053 486 2119 quorum
517 2053 609 2099 causa
631 2043 720 2116 sunt,
749 2033 951 2115 profluerent,
983 2033 1144 2098 loveleti.
1167 2053 1195 2098 e.
1220 2035 1314 2098 dirtoi

271 2140 383 2206 amoris
416 2137 480 2200 lotu
509 2136 669 2199 nutriebat.
722 2135 770 2198 Ad
802 2135 861 2196 hoe
884 2151 1030 2214 namque,
1054 2151 1111 2197 ova
1135 2136 1173 2198 ab
1196 2134 1315 2199 alitibus

271 2239 426 2312 foventur,
453 2242 486 2298 ut
515 2236 615 2298 intima
636 2234 851 2315 invisibilisque
872 2235 918 2296 ris
939 2236 1096 2313 seminum,
1117 2253 1195 2316 quae
1226 2237 1256 2298 in
1277 2235 1316 2300 iis

273 2339 367 2416 latet,
399 2354 453 2418 per
473 2353 617 2398 numeros
645 2336 779 2398 locorum
810 2341 1035 2416 temporumque
1054 2336 1085 2398 in
1105 2334 1219 2398 turmas
1239 2335 1315 2397 visi-

277 2439 353 2502 biles
364 2435 597 2520 corporalesque
609 2435 845 2516 pulchritudines
861 2428 1021 2516 crumpat.“
1042 2435 1093 2515 (ΙΙ,
1105 2435 1314 2514 ao‚19-uu.)

735 2612 765 2681 ς.
800 2602 850 2665 so.

362 2715 462 2795 „llaec
496 2721 593 2780 autem
623 2718 711 2782 unios
741 2720 871 2780 omnium
896 2735 1020 2796 causae,
1051 2734 1128 2799 quae
1160 2717 1313 2797 deusest,

276 2817 306 2878 lu
330 2818 440 2894 omnia,
461 2832 538 2896 quae
560 2824 637 2896 sunt,
659 2835 714 2899 per
737 2837 844 2882 causas
865 2819 1073 2900 primordiales
1091 2815 1200 2881 divisio
1223 2825 1314 2899 atque

274 2917 476 2998 multiplicatio
509 2919 548 2981 ita
569 2917 622 2995 tit,
656 2927 689 2981 ut
720 2938 775 3000 per
802 2919 975 3002 generalem
999 2919 1128 2982 omnium
1153 2920 1314 2982 essentiam

272 3019 378 3099 primo,
399 3019 541 3100 deinceps
561 3037 616 3101 per
637 3037 752 3102 genera
774 3019 1019 3102 generalissima,
1048 3018 1158 3081 deinde
1178 3037 1233 3100 per
1255 3035 1316 3101 ge-

272 3135 345 3180 nera
374 3119 586 3202 generaliora,
614 3121 685 3182 inde
717 3138 772 3203 per
803 3119 922 3199 species
943 3119 1137 3200 specialiores
1158 3135 1253 3200 osque
1276 3117 1315 3180 ad

274 3219 394 3298 species
438 3220 669 3300 specialissimas
698 3238 753 3302 per
772 3220 957 3282 dillerentias
979 3219 1236 3300 proprietatesque
1257 3218 1316 3280 de-

162 3303 165 3308 ’
274 3317 427 3380 scandata
449 3318 513 3400 (ill,
535 3318 618 3384 3-4
626 3341 636 3399 ;
658 3319 696 3403 tt,
717 3323 757 3404 23
780 3319 878 3402 prael.
902 3318 940 3382 ad
962 3319 1039 3384 llax.
1061 3319 1160 3384 ambo.
1182 3336 1231 3402 op.
1248 3317 1314 3384 Gal.

276 3435 340 3498 am·
359 3435 388 3498 r·
410 3417 476 3496 ur.)

739 3581 769 3650 §.
796 3571 847 3634 35.

354 3683 447 3762 ,Ηῑιιο
470 3700 665 3767 quaeeunque
685 3686 723 3749 ab
744 3704 804 3750 uno
825 3689 955 3751 omnium
979 3685 1124 3767 principio
1147 3699 1202 3766 per
1222 3688 1316 3744 natu-

273 3783 353 3846 rales
391 3783 610 3847 descensiones
645 3804 740 3868 usque
763 3785 802 3849 ad
823 3785 1038 3849 extremitatem
1064 3787 1154 3847 totius
1175 3789 1313 3856 naturae,

164 3885 169 3904 '
270 3901 327 3964 qua
358 3903 487 3965 corpora
513 3888 718 3968 continentur,
735 3943 737 3948 .
753 3893 820 3949 sunt
841 3887 1019 3964 constituta,
1041 3903 1129 3949 unum
1150 3883 1220 3945 illud
1243 3899 1313 3944 om-

269 3985 349 4045 nium
386 3987 580 4067 principium,
609 4005 698 4050 unum
739 3989 868 4050 omnium
904 3973 1016 4050 lentem
1047 3986 1233 4068 participant.
1267 4017 1312 4032 ·-

267 4083 319 4146 Est
341 4087 419 4148 enim
452 4087 638 4169 participatio
667 4089 741 4186 nihil
766 4089 844 4154 aliud
869 4089 926 4153 nisi
948 4107 986 4152 ex
1005 4087 1153 4190 superiori
1175 4083 1310 4149 essentia
