2944 4714
727 243 882 334 ..ffl-

260 431 409 512 goatioue
424 437 550 496 nostrae
565 446 666 510 poena,
690 429 833 505 audeant,
860 428 911 492 rel
927 431 1125 509 praesumant
1146 425 1273 507 publica
1295 427 1348 492 rel

260 518 392 591 occulte,
408 525 460 580 aut
475 518 586 598 quouis
602 519 743 598 quaesito
753 517 871 594 colore,
888 516 1019 590 directe,
1034 516 1084 578 uel
1095 515 1261 593 indirecte,
1276 517 1346 578 rir-

260 611 325 667 tuto
340 605 510 668 litterarum
527 603 763 686 apostolicarum
780 605 836 668 sub
852 606 932 667 dicta
948 602 1152 685 generalitate
1167 603 1347 682 uerborum,

259 711 317 774 per
333 691 460 756 eandem
477 693 581 756 sedem
599 710 825 768 concessarum,
850 699 882 755 et
904 689 1171 755 concedendamm
1193 690 1348 771 aliquibus

261 781 445 860 privilegiis,
462 778 668 857 facultatibus,
691 779 906 862 indulgentiis,
924 769 955 841 ei
970 779 1091 859 gratiis,
1113 779 1175 840 nisi
1190 778 1349 840 dumtaxat

260 883 316 946 per
331 867 459 930 iorrnam
470 865 713 946 privilegiorum,
730 867 917 942 facultatum,
934 865 1205 946 indulgentiarum,
1221 871 1251 928 ct
1265 866 1349 928 alia-

260 971 327 1016 rum
345 956 525 1034 gratiarum,
550 957 596 1016 eis
613 954 759 1017 hactenus
775 957 966 1032 nominatim,
988 959 1020 1015 et
1033 953 1186 1034 specifice,
1213 971 1269 1032 per
1289 971 1348 1016 se-

260 1040 328 1103 dem
345 1041 484 1114 eandem,
509 1047 539 1102 et
561 1059 710 1122 persnas
732 1043 850 1106 litteras
871 1040 1068 1121 apostolicas,
1092 1059 1128 1102 ao
1151 1042 1182 1103 in
1206 1041 1294 1116 locis,
1316 1048 1349 1104 et

260 1145 318 1208 pro
334 1129 397 1191 illis
414 1129 569 1209 personis,
585 1127 736 1212 collegiis,
753 1135 783 1192 et
798 1129 1062 1204 universitatibus,
1078 1126 1189 1208 quibus
1205 1130 1349 1208 particu-

262 1217 368 1278 lariter
383 1234 551 1280 concessae
572 1216 708 1291 luerunt,
731 1225 782 1280 aut
806 1219 836 1280 in
858 1217 992 1280 futurum
1016 1215 1235 1290 concedentur,
1257 1216 1350 1278 etiam

259 1302 376 1383 absque
392 1303 534 1366 laaultate
549 1303 600 1367 rlla
617 1303 684 1367 aliis
700 1304 957 1376 communicandi,
975 1312 1006 1366 et
1020 1319 1084 1366 non
1099 1300 1200 1379 aliter,
1218 1301 1350 1366 necalio

261 1391 492 1470 quovismodo,
509 1391 627 1452 etiamsi
640 1393 733 1468 pieria,
749 1391 871 1466 similia,
888 1391 938 1454 vel
948 1393 1067 1454 minora
1077 1388 1190 1466 forent,
1207 1389 1350 1470 hisquae

261 1481 290 1538 in
317 1478 463 1557 praelatis
485 1476 596 1540 litteris
620 1479 798 1557 apostolicis
819 1485 890 1543 suut
905 1496 1063 1554 concessa,
1088 1477 1130 1539 uti
1151 1477 1273 1557 possint
1295 1476 1351 1542 illa

260 1567 371 1644 quovis
388 1563 478 1628 modo
495 1583 655 1643 exercere,
670 1585 724 1629 seu
743 1567 910 1646 publicare,
927 1574 979 1628 eut
993 1566 1063 1629 aliis
1079 1566 1320 1627 communicare.

346 1651 557 1715 Decernentes
574 1655 664 1715 etiam
681 1671 720 1715 ex
735 1672 818 1715 niune
834 1657 962 1730 irritum,
979 1661 1011 1716 et
1026 1654 1116 1714 inane
1133 1654 1159 1714 si
1175 1669 1281 1728 sacua,
1295 1653 1351 1714 vel

260 1739 350 1802 aliter
365 1755 380 1800 a
398 1757 562 1820 quoquam,
585 1742 692 1819 quavis
708 1741 906 1815 authoritate,
927 1743 1074 1815 scienter,
1095 1738 1146 1801 uel
1162 1740 1352 1820 ignoranter

261 1827 420 1908 continget
438 1829 466 1888 in
485 1837 640 1908 posterum
658 1828 891 1908 quornodolibet
905 1827 1090 1909 attemptari.
1129 1826 1176 1888 hc
1192 1844 1349 1907 praeseu-

262 1921 307 1976 tes
323 1915 359 1976 ad
388 1913 561 1996 privilegia,
585 1914 754 1992 laenitates,
777 1915 996 1998 indulgentias,
1024 1921 1055 1976 et
1075 1913 1152 1976 alias
1173 1913 1292 1994 gratias
1316 1915 1349 1976 in

262 2000 397 2064 lavarem
417 2001 548 2065 tabrrcae
564 2001 709 2064 basilicae
730 2005 877 2084 principis
894 2001 1114 2082 Apostolorum
1132 2001 1169 2062 de
1185 2000 1281 2078 Urbe,
1304 2001 1349 2063 il·

260 2087 383 2169 liusque
406 2088 539 2170 collegio
567 2096 598 2150 et
619 2089 801 2153 ot'licialibus
829 2090 975 2154 hactenus
999 2104 1148 2153 concessa
1172 2095 1204 2150 et
1227 2106 1349 2151 conce-

261 2175 360 2237 danda
378 2181 501 2239 minime
517 2195 552 2238 se
570 2185 661 2240 exten
673 2177 750 2252 lere,
766 2180 881 2242 eisdem
899 2177 1045 2258 collegio,
1062 2181 1093 2237 et
1107 2174 1262 2254 deputatis
1277 2177 1348 2238 dio·

263 2271 311 2325 tac
325 2263 460 2326 fabricae
477 2282 532 2342 per
547 2263 715 2343 apostolica
726 2265 1026 2347 scriptamandantes
1041 2269 1075 2328 ut
1090 2263 1259 2343 praemissa
1274 2282 1347 2328 οι-

263 2351 324 2426 nia,
341 2358 372 2412 et
387 2350 519 2428 singula,
537 2369 591 2431 per
607 2350 677 2414 illos
693 2351 729 2414 ad
748 2371 825 2432 quos
841 2359 967 2432 spectat,
989 2357 1041 2414 aot
1055 2357 1210 2430 spectare,
1232 2353 1348 2430 poterit

263 2437 498 2518 quornodolrbat
521 2440 551 2500 in
577 2439 709 2502 laturum
727 2439 947 2504 inviolabiliter
969 2439 1128 2504 observari
1151 2437 1299 2502 mandent
1320 2445 1351 2502 et

262 2527 383 2588 latriam.
416 2524 669 2590 contradictores
686 2527 843 2608 quoslibet
858 2536 888 2591 et
903 2526 1036 2590 rebelles
1059 2543 1114 2605 per
1137 2543 1298 2602 censuras,
1319 2532 1351 2590 et

262 2611 338 2673 alias
355 2613 393 2674 de
411 2613 521 2695 quibus
538 2613 595 2674 sibi
613 2615 770 2678 videbitur
790 2633 897 2696 paenas
921 2613 1129 2695 appellatione
1151 2620 1223 2692 post
1238 2615 1347 2694 posita,

263 2697 450 2760 aothrrritate
468 2717 524 2763 nos
538 2718 571 2762 ra
588 2702 824 2782 compescendo,
849 2705 991 2766 invocato
1007 2702 1033 2764 si
1054 2717 1131 2781 opus
1147 2701 1243 2763 luerit
1256 2703 1348 2764 aoxi-

262 2783 306 2849 lio
324 2784 439 2848 trrachii
457 2786 635 2852 saecularis.
678 2795 718 2854 m
734 2791 878 2854 volentes
894 2790 1079 2852 authoritate
1096 2787 1244 2868 praelata,
1265 2787 1349 2869 quod

261 2891 411 2954 praesens
437 2876 634 2954 constitutio,
658 2880 745 2958 cujus
768 2878 864 2942 solam
888 2879 1077 2959 signaturam
1098 2881 1234 2939 nostram
1259 2874 1350 2940 solli·

261 2980 345 3034 rere,
371 2959 515 3042 illiusque
531 2967 731 3044 transumptis
748 2985 802 3028 seo
825 2966 924 3046 copiis
942 2982 1031 3028 manu
1048 2965 1139 3026 unius
1154 2961 1271 3042 publici
1286 2981 1350 3026 no·

260 3049 328 3110 larii
346 3051 539 3129 subscriptis,
556 3057 586 3113 et
601 3053 705 3132 sigillo
723 3052 852 3133 alicuius
868 3052 1061 3133 personaein
1075 3051 1225 3132 dignitate
1242 3051 1351 3114 eccle·

258 3139 381 3200 siastica
407 3138 589 3200 constitutae
610 3138 772 3216 sigillatis,
795 3141 884 3207 iidem
908 3139 1047 3202 adhiberi
1072 3137 1233 3211 volumus,
1260 3145 1293 3202 et
1316 3141 1349 3204 in

258 3223 357 3287 valvis
375 3221 521 3286 basilicae
538 3226 702 3306 praelatae,
719 3246 755 3290 ac
771 3229 836 3290 acie
852 3226 961 3291 Florae
978 3225 1075 3305 campi
1092 3225 1192 3301 ailina,
1216 3233 1247 3288 et
1264 3227 1348 3307 pub-

259 3311 360 3386 licata,
378 3312 505 3391 perinde
522 3320 618 3376 arctet
634 3316 799 3394 quoslibet,
823 3315 900 3378 acsi
924 3314 1035 3378 luisset
1051 3313 1177 3378 cuilibet
1193 3331 1346 3391 praescu-

259 3398 372 3461 tialiter
402 3397 535 3460 exhibita
565 3407 595 3464 et
624 3408 832 3482 praesentata:
863 3403 930 3466 Non
964 3401 1155 3466 obstantibus
1175 3402 1347 3480 promissis

258 3502 295 3547 ac
324 3487 613 3565 constitutionibus,
645 3498 676 3552 ct
705 3490 952 3554 ordinationibus
985 3489 1182 3569 apostolicis,
1214 3489 1347 3569 privile-

258 3575 319 3652 giis
344 3590 485 3653 quoque,
512 3583 542 3636 et
565 3576 691 3640 indultis
711 3595 747 3640 ao
774 3577 884 3640 litteris
908 3577 999 3640 etiam
1019 3574 1198 3654 apostolicis
1218 3577 1344 3656 praela-

259 3661 309 3736 tis,
325 3659 476 3733 ecrlesiis,
494 3661 707 3741 hospitalibus,
729 3671 761 3726 et
783 3665 850 3728 aliis
874 3663 951 3728 locis
968 3665 1037 3744 piis,
1061 3664 1204 3740 rectoris,
1230 3672 1261 3726 et
1277 3664 1348 3728 aliis

260 3749 403 3824 praetatis
421 3751 524 3812 l'orsan
540 3753 709 3826 concessis,
733 3752 844 3832 quibus
862 3748 993 3826 illorum,
1015 3751 1163 3826 omnium,
1188 3758 1220 3812 et
1234 3752 1347 3834 singu-

259 3832 359 3896 lorom
377 3840 527 3910 tenorem,
544 3841 758 3918 praesentibus
774 3857 831 3918 pro
847 3839 1035 3902 sufficienter
1051 3837 1210 3919 expressis
1225 3838 1347 3900 haben-

261 3927 320 3995 tes,
335 3920 524 3999 specialiter,
543 3931 573 3986 et
589 3944 737 4007 expresse
753 3926 949 4008 derogamus,
971 3927 1166 4006 caeterisque
1181 3926 1345 3989 contrariis

258 4006 510 4089 quibuscumque,
528 4009 627 4090 placet
643 4023 724 4076 motu
743 4015 881 4096 proprio,
897 4023 928 4078 et
943 4016 984 4076 ita
1001 4013 1189 4076 mandamus.

345 4096 526 4160 Successire
543 4117 611 4162 cum
628 4119 685 4166 nos
701 4100 831 4178 litteras,
855 4110 886 4164 et
908 4107 1023 4166 motum
1039 4099 1198 4180 proprium
1214 4101 1344 4181 praein-

256 4188 359 4250 sertos
375 4183 570 4260 vidissemus,
587 4195 618 4251 et
628 4187 795 4270 diligenter
810 4189 1063 4271 inspexissemus,
1079 4187 1342 4254 eteosdemomui
