2934 4710
1091 274 1171 389 arr⁴

121 503 281 558 ereaturam
313 495 408 575 patris
438 501 509 556 esse
540 493 696 572 affirmata
727 515 768 542 -Ἃ
788 496 860 576 quid
888 498 980 580 igitur
1012 499 1060 564 illa
1092 494 1150 566 sibi

28 587 30 678 j
121 597 214 675 relint,
236 596 286 658 rix
307 593 510 675 intelligimus.
560 593 777 658 Pantheismum
809 613 865 660 nos
887 595 1039 679 docuisse,
1063 619 1151 682 quum

28 681 30 708 '
120 696 310 773 docuerimus,
350 694 440 756 lilium
473 693 523 756 dei
553 710 614 756 noo
638 694 770 775 genitum
792 697 847 758 sod
872 701 1029 764 creatum?
1050 737 1092 752 -
1113 704 1153 766 dr

86 796 318 872 tScblueterus,
350 793 380 856 id
412 795 492 874 quod
526 811 565 855 ex
592 795 645 869 iis,
677 811 754 876 quoe
789 796 847 872 (cl.
868 801 900 882 ᾗ.
921 799 989 876 45.)
1014 800 1052 862 ad
1074 801 1152 864 boec

28 919 30 1026 p
119 895 288 976 respondet,
325 901 429 975 patere
461 895 656 972 arbitramur,
678 897 719 956 ite
743 895 879 958 scribere
902 897 1023 962 debuit:
1044 899 1151 979 ,iliri-

28 1029 29 1040 ι
119 1007 206 1074 gena)
227 995 442 1077 pantheismum
464 995 627 1076 profitetur,
656 1013 744 1076 quarn
772 993 870 1078 neque
896 999 1037 1065 Naturam
1060 1019 1151 1064 crea-

119 1099 170 1156 tam
189 1102 350 1176 creantem,
374 1112 477 1175 nequa
505 1095 646 1158 Naturam
678 1104 809 1160 creatam
845 1112 907 1160 non
938 1108 1090 1164 creantem
1111 1102 1150 1164 ab

118 1195 262 1275 unigenito
294 1194 344 1256 dei
375 1193 446 1274 diro,
479 1196 537 1276 ipsi
568 1195 623 1256 deo
641 1197 728 1275 patri
750 1197 1018 1279 oomabstmuiata',
1041 1200 1151 1266 babeat

119 1291 277 1357 distinctam
291 1297 364 1370 ὂψ

208 1395 401 1459 Scbluetcrus
433 1396 488 1459 bas
518 1413 608 1460 resa
638 1398 730 1461 Scoto
764 1413 826 1458 non
862 1395 1018 1460 distinctas
1047 1407 1149 1482 negat.

121 1496 173 1557 Sed
204 1498 379 1578 iampridem
412 1516 429 1560 a
459 1498 547 1561 nobis
578 1499 809 1561 demonstratum
830 1505 895 1576 est,
914 1498 998 1580 ¹tpuod
1014 1500 1053 1562 ad
1074 1501 1150 1564 sub-

123 1599 250 1660 stantiam
275 1601 416 1676 attineat,
451 1616 507 1678 qua
537 1615 596 1660 una
626 1601 669 1662 in·
687 1616 721 1661 re
753 1598 812 1659 hoo
841 1597 911 1663 loco
955 1605 1151 1682 cuncta-po-

120 1697 167 1758 sita
194 1713 265 1758 esse
297 1705 432 1774 constat,
459 1705 489 1760 et
523 1699 660 1761 Naturam
696 1706 827 1761 creatam
852 1707 1015 1778 creantem,
1036 1709 1067 1766 et
1087 1689 1150 1766 Na-

119 1802 201 1859 turam
225 1805 359 1860 oreutam
382 1815 441 1860 noo
465 1805 615 1860 creantem
636 1801 665 1860 in
688 1799 771 1860 libris
794 1799 832 1860 de
855 1800 1004 1862 divisione
1026 1809 1152 1866 naturae

120 1911 176 1958 eum
197 1901 355 1980 unigenito
380 1898 428 1960 dei
450 1897 510 1959 lilio
533 1900 608 1978 patri
631 1915 686 1960 suo
709 1899 966 1977 consubstantiali,
988 1917 1056 1962 esse
1075 1918 1154 1963 con·

120 2001 191 2062 lusos
216 2011 262 2080 (5.
285 1998 324 2060 29
350 2037 389 2045 -
408 2007 436 2076 §.
458 1998 537 2075 sia).
588 1998 654 2061 lloo
683 2005 781 2062 autem
806 2001 925 2080 proprie
945 2001 1003 2063 sibi
1020 2001 1153 2063 ›demon-

119 2101 260 2161 strandum
297 2099 411 2176 luisse,
439 2099 668 2162 substantiarum
711 2117 781 2162 asse
814 2117 904 2180 posse
936 2100 1151 2180 diversitatem,

119 2199 310 2276 Scbluetcrus,
332 2206 496 2280 opinamur,
518 2217 578 2262 non
600 2201 816 2268 animaduertit

207 2301 256 2370 lli,
302 2300 416 2374 Quodsi
451 2303 507 2379 (ct.
528 2311 556 2378 §.
580 2303 632 2378 lo,
653 2301 705 2378 ll.)
736 2302 815 2380 apud
847 2319 913 2364 eum
933 2301 1152 2384 reelegimus,

119 2395 271 2483 Erigonae,
293 2401 390 2465 sicubi
413 2401 538 2463 dixerit:
571 2401 669 2479 ,Deus
689 2408 736 2464 est
756 2403 787 2462 in
805 2415 850 2477 se,
871 2401 903 2462 lit
924 2402 954 2462 in
977 2405 1152 2480 aremorica,

120 2500 193 2562 sire:
216 2503 314 2580 ,Deus
338 2509 456 2564 creatur
478 2503 508 2564 in
532 2502 695 2564 omnibus“·
711 2539 751 2556 -
766 2502 833 2563 ‚hac
856 2502 886 2562 in
908 2519 943 2563 re
963 2519 1033 2584 esse
1049 2503 1150 2566 indul-

47 2607 51 2614 '
100 2586 260 2679 pendula,
294 2603 381 2682 quasi
415 2603 473 2663 trae
507 2601 591 2664 solae
623 2601 790 2665 locutiones
823 2603 899 2679 sint,
934 2609 1056 2681 propter
1078 2619 1155 2683 quas

121 2702 289 2778 pantheismi
322 2705 476 2765 accusatio
509 2701 659 2782 Erigenae
683 2704 778 2784 possit
805 2702 930 2778 intendi,
955 2719 1011 2765 nos
1034 2700 1158 2783 quidem

120 2816 186 2864 sane
219 2819 277 2865 non
310 2803 464 2882 videmus,
487 2803 557 2883 quid
593 2803 659 2882 ipsi,
681 2805 730 2883 qui
753 2809 849 2863 tamen
871 2802 1043 2883 Erigeoam,
1065 2821 1153 2884 quum

123 2900 230 2978 ederet,
253 2901 409 2982 perlegere
434 2902 546 2978 debuit,
572 2903 629 2963 hac
650 2905 678 2963 in
703 2921 736 2964 re
756 2901 920 2964 acciderltl
941 2939 981 2954 -

213 3003 258 3064 lll.
301 3003 364 3065 Nee
398 3004 540 3084 ampliore
571 3002 689 3065 fortuna
719 3021 789 3066 usus
811 3009 858 3064 est
878 3005 907 3063 in
928 3005 975 3081 iis,
996 3019 1075 3084 quae
1096 3001 1151 3080 (ol.

122 3107 144 3175 ς.
163 3104 215 3180 45,
239 3103 303 3178 tlt.)
339 3107 421 3184 quasi
458 3103 698 3182 exabundanti,
726 3111 757 3166 ut
779 3105 870 3182 aiunt,
893 3106 1056 3185 congessit
1099 3103 1152 3166 llis

122 3205 192 3264 enirn
216 3203 252 3264 de
273 3205 373 3280 rebus,
395 3206 420 3265 si
442 3223 500 3266 una
521 3212 551 3266 et
577 3206 646 3266 item
669 3205 772 3282 altera,
795 3205 875 3284 qnod
897 3211 995 3266 tamen
1016 3205 1068 3266 vix
1083 3221 1153 3266 cra-

123 3299 289 3382 diderirnus,
312 3321 470 3384 quaecum
491 3303 679 3384 pantheismo
703 3305 885 3384 Erigeniano
909 3311 1039 3384 pugnet,
1062 3321 1154 3386 repe-

122 3405 216 3484 riatur,
240 3405 289 3485 qui
315 3405 432 3467 landem
457 3405 566 3468 lactum
595 3413 657 3484 est,
678 3413 711 3467 ut
730 3406 920 3469 Scbluetcrus
943 3423 981 3466 ne
1003 3404 1062 3468 boo
1084 3406 1154 3487 qui-

123 3501 184 3567 dem
204 3506 381 3585 respexerit,
417 3523 486 3569 num
519 3508 597 3569 torte
630 3507 774 3588 Erigere,
806 3523 894 3587 quum
916 3505 992 3568 illanr
1017 3505 1152 3584 doceret,
1202 3567 1204 3570 .

123 3619 218 3682 pamm
251 3605 308 3666 sibi
344 3606 537 3668 constiterit?
565 3643 607 3655 -
629 3605 762 3686 Namque
786 3609 851 3682 est,
874 3603 923 3666 ribi
954 3604 1153 3686 sibimetipsi
1249 3667 1254 3676 ,

123 3704 377 3784 contradicat³¹);
398 3724 495 3789 neque
515 3707 675 3770 levissimis
700 3713 811 3769 lantum
831 3705 862 3767 in
884 3705 984 3768 rebus.

121 3831 438 3856 Q-——n--n-u

155 3905 199 3979 30)
218 3909 274 3961 lloc
292 3920 382 3962 aotam
400 3913 565 3976 Goerresius,
588 3915 630 3963 eui
647 3911 781 3972 tribuitur,
799 3925 854 3962 nora
871 3909 967 3984 dixit(

156 3993 200 4067 31)
219 3996 253 4048 el.
272 3995 359 4051 llock.
379 3999 408 4052 in
427 3999 560 4070 eplramm.
578 4001 726 4052 Bonnense.
746 3997 812 4060 xvi,
833 4015 860 4070 p.
878 3994 931 4144 42&
939 3993 983 4048 43.
